2278 2880
405 157 697 194 REspoNsm
728 171 775 192 An
809 159 1175 201 QUAESTIONEM
1205 152 1548 197 zofiLoGICAM.
1786 166 1831 198 253

724 467 1054 515 PARS
1152 468 1243 512 ΙΙ.

255 598 527 630 COMPARATIO
554 584 871 629 PHYSIOLOGICA
900 602 1158 630 ORGANORUM
1192 600 1356 630 URINAM
1383 601 1713 630 SECERNENUUM

448 662 533 692 CUM
560 663 710 691 [ISDEM
732 663 936 690 PARTIBUS
962 663 1241 696 RELIQUORUM
1268 663 1517 693 AMMALmM.

133 792 185 848 F
187 816 300 850 unctio
317 816 393 854 illa,
417 826 519 859 quam
542 815 751 848 secretionem
771 827 998 860 nuncupamus
1026 821 1072 849 est
1099 817 1209 855 actio,
1233 829 1319 861 quae
1344 818 1495 851 omnibus
1514 817 1706 860 corporibus
1727 818 1759 851 vi
1778 820 1826 851 vi-

130 873 201 920 ,tali
217 873 372 916 praeditis
385 896 396 913 ‚
420 878 467 906 est
486 874 620 915 propria
632 895 640 910 ‚
664 883 818 914 quaeque
835 883 940 915 aeque
958 874 1067 916 magni
1094 878 1141 906 est
1162 877 1317 907 momenti
1346 875 1394 906 ad2
1410 875 1566 907 individui
1583 886 1683 917 quam
1706 877 1827 918 speciei

138 927 432 962 conservationem.
485 930 706 962 Secretionum
744 930 886 960 omnium
917 931 989 960 fons
1018 935 1063 960 est
1093 933 1239 973 sanguis3
1274 937 1416 964 attamen
1442 943 1511 964 non
1536 938 1582 963 est
1603 932 1826 967 credendum.

137 985 290 1017 humores
309 990 448 1017 secretos
464 986 537 1028 jam
557 987 592 1018 in
610 986 766 1028 sanguine
788 986 968 1024 contineri3
997 996 1015 1017 e
1039 992 1152 1018 contra
1180 989 1386 1018 statuendum
1416 989 1544 1020 videtur
1576 990 1733 1020 elementa
1752 989 1828 1029 qui-

138 1041 215 1073 dem
235 1040 407 1073 humorum
425 1043 460 1074 in
483 1043 638 1084 sanguine
653 1043 783 1080 adesse,
819 1043 875 1073 sed
905 1052 1005 1074 novas
1034 1047 1065 1072 et
1094 1043 1233 1073 diversas
1254 1043 1334 1073 inire
1360 1043 1617 1075 combinationes
1639 1045 1673 1075 in
1696 1044 1826 1075 diversis

138 1096 289 1137 organis,
314 1101 351 1128 ut
368 1098 448 1129 varii
467 1098 616 1129 humores
644 1099 689 1128 ita
713 1102 878 1138 parentur.
902 1114 944 1119 —
967 1097 1051 1128 Nihil
1080 1099 1114 1129 in
1138 1097 1367 1139 physiologicis
1395 1097 1458 1128 hac
1483 1098 1651 1130 functione
1684 1104 1730 1129 est
1761 1098 1832 1131 oh-.

124 1151 281 1187 scurius,
306 1162 382 1183 cum
403 1162 470 1184 non
493 1156 617 1183 tantam
639 1152 845 1183 observamus
876 1150 1091 1183 differentiam
1118 1162 1312 1192 organorum
1342 1161 1442 1192 quam
1463 1162 1523 1192 pro
1553 1153 1676 1186 diversa
1708 1159 1825 1186 natura

135 1207 354 1238 secretionum
375 1211 548 1243 expectare
568 1207 664 1242 licet,
688 1212 720 1235 et
752 1216 828 1236 cum
853 1205 986 1237 omnino
1009 1206 1042 1236 in
1067 1207 1205 1237 minimis
1232 1208 1389 1239 viscerum
1422 1208 1586 1240 elementis
1602 1216 1821 1252 peragantur,

123 1271 280 1304 ‘quorum
304 1259 463 1290 fabricam
493 1259 667 1291 difficulter
685 1262 921 1301 cognoscimus.
965 1260 1070 1291 Etiam
1093 1261 1134 1291 de
1158 1257 1283 1293 ratione
1311 1272 1377 1303 qua
1403 1262 1553 1295 humores
1577 1266 1692 1296 secreti
1713 1276 1730 1296 e
1748 1276 1825 1297 san·

136 1318 235 1359 guine
269 1315 457 1358 perveniant
492 1315 526 1346 in
555 1315 672 1347 ductus
703 1317 896 1346 excretorios
933 1317 1054 1346 multae
1082 1317 1229 1358 prolatae
1262 1323 1335 1349 sunt
1364 1318 1527 1357 theoriae,
1564 1332 1703 1362 quarum
1732 1323 1818 1354 duae

133 1373 292 1416 imprimis
334 1370 495 1403 Ruz'scltz'z'
515 1371 638 1403 scilicet
663 1376 694 1403 et
722 1371 932 1414 stlalpiglzz'z‘,
955 1377 1136 1403 memoratu
1167 1378 1238 1404 sunt
1258 1374 1387 1416 dignae.
1432 1376 1553 1408 Horum
1585 1378 1637 1408 ille
1655 1378 1740 1409 enim
1762 1379 1824 1410 do-

117 1430 225 1467 ·cuit,
263 1438 337 1461 vasa
365 1437 490 1469 semper
518 1427 684 1459 subtiliora
726 1429 859 1460 transire
890 1429 925 1461 in
954 1429 1072 1460 ductus
1104 1430 1319 1467 excretorios,
1356 1431 1422 1462 sine
1451 1434 1586 1465 materia
1617 1434 1818 1476 interposita.

131 1485 354 1528 'Malpz'ghius
370 1494 447 1517 vero
463 1485 597 1521 statuit,
622 1485 739 1515 ductus
760 1486 955 1516 excretorios
983 1486 1100 1516 finibus
1121 1487 1237 1517 clausis
1254 1492 1285 1517 et
1308 1489 1390 1519 vasis
1417 1491 1608 1531 perreptatis
1631 1492 1818 1528 terminari,

133 1541 228 1584 quod
249 1541 275 1572 si
295 1551 424 1578 verum,
448 1541 594 1582 sequitur
614 1540 763 1572 humores
794 1551 831 1572 ex
859 1541 939 1571 vasis
963 1542 1150 1582 sanguiferis
1184 1543 1441 1576 transsudatione
1472 1546 1627 1587 organica
1651 1548 1683 1578 in
1707 1548 1824 1579 duetus

114 1597 330 1630 ‘excretorios
351 1597 542 1628 transfundi.
588 1597 678 1635 Quae
702 1598 813 1628 ultima
840 1597 1030 1638 Malpz‘glzz'z'
1049 1597 1205 1627 sententia
1236 1599 1328 1635 variis
1357 1601 1516 1641 probatur
1545 1601 1821 1634 observationibus

133 1663 155 1685 a
177 1651 322 1695 pluribus
344 1652 419 1684 viris
436 1652 542 1685 doctis
558 1653 662 1685 factis.
708 1653 761 1685 Sic
795 1654 913 1685 Weber
943 1652 1024 1684 vidit
1045 1652 1079 1683 in
1112 1653 1218 1684 avium
1242 1655 1430 1687 *salivalibus
1462 1658 1623 1698 glandulis
1660 1662 1821 1691 mercurio

132 1700 265 1751 repletis
282 1708 400 1740 ductus
424 1709 619 1740 excretorios
641 1709 804 1740 terminari
831 1708 946 1741 clausis
967 1713 998 1740 et
1020 1709 1166 1740 rotundis
1192 1711 1348 1742 vesiculis.
1396 1713 1488 1744 ffust
1509 1714 1668 1755 ejusmodi
1690 1716 1816 1747 vesicu-

133 1766 180 1797 las
202 1765 337 1807 replevit
357 1765 401 1796 ad
422 1770 579 1796 extremos
611 1765 739 1797 tubulos
762 1766 929 1798 uriniferos
950 1766 1072 1797 Ranae
1089 1766 1213 1797 viridis
1231 1772 1261 1798 et
1279 1768 1375 1800 refert
1398 1768 1454 1800 has
1473 1771 1627 1802 vesiculas
1642 1771 1714 1813 jam
1746 1773 1815 1813 ipso

134 1822 233 1854 oculo
257 1832 348 1863 posse
379 1821 545 1864 distingui,
569 1833 668 1864 porro
690 1824 785 1854 etiam
816 1823 923 1854 avium
945 1822 1074 1854 tubulos
1091 1822 1259 1855 miniferos
1291 1835 1387 1856 cavos
1420 1827 1610 1869 clausosque
1643 1829 1818 1860 terminari.

131 1877 414 1911 Observationibus
439 1878 556 1909 deinde
583 1878 728 1910 Mullerz'
752 1880 793 1911 de
812 1879 860 1910 his
888 1881 1012 1911 cellulis
1037 1880 1070 1910 in
1093 1879 1198 1910 ovium
1219 1881 1465 1923 embryonibus,
1492 1884 1658 1915 clarissimi
1680 1885 1816 1916 Ratklce

133 1933 174 1967 de
195 1934 357 1966 ductubus
376 1935 533 1976 parotidis
553 1940 584 1966 et
605 1936 780 1967 multorum
803 1936 956 1973 aliorum,
981 1936 1168 1978 Malpe'ghz'i
1191 1939 1346 1969 sententia
1365 1940 1549 1980 praevalere
1567 1941 1705 1972 videtur.

171 1989 261 2023 Inter
280 1991 479 2024 multivarias
499 1993 714 2031 secretiones,
740 2003 825 2033 quae
847 1993 880 2023 in
902 2003 1038 2035 corpore
1071 1993 1261 2025 animalium
1291 1995 1517 2036 perficiantur,
1542 1998 1677 2028 secretio
1701 1998 1814 2029 urinae

131 2051 218 2079 certe
237 2048 346 2089 magni
366 2053 411 2080 est
429 2050 583 2080 momenti
604 2054 635 2080 et
670 2050 766 2091 longe
794 2049 939 2090 plurimis
961 2051 1151 2081 communis.
1197 2051 1270 2083 Non
1290 2051 1376 2083 enim
1400 2052 1582 2083 vertebrata
1608 2053 1810 2084 solummodo

129 2107 299 2135 secernunt
318 2105 462 2143 urinam,
487 2106 543 2137 sed
566 2105 664 2137 etiam
682 2106 803 2137 insecta
832 2098 863 2136 et
893 2107 1049 2138 mollusca
1081 2106 1247 2139 humorem
1279 2108 1468 2146 eliminant,
1500 2120 1598 2151 quem
1631 2120 1691 2150 pro
1719 2110 1811 2141 urina

130 2161 238 2203 plures
258 2160 447 2192 salutarunt.
474 2154 552 2203 (No.
573 2162 624 2194 10.
646 2167 676 2193 et
697 2162 754 2195 ΝΟ.
777 2161 816 2193 15
842 2162 855 2202 )
899 2162 938 2194 In
963 2163 1149 2195 animalium
1171 2164 1324 2196 classibus
1343 2170 1486 2207 quatuor
1508 2166 1745 2208 superioribus,
1771 2166 1804 2197 in

98 2258 104 2268 Ι
124 2216 320 2260 ,γςιῄῑεῌηῑίει
341 2217 481 2254 scilicet,
498 2218 614 2262 'urinae
632 2219 782 2267 princeps
804 2229 951 2260 organon
980 2230 1044 2250 esse
1064 2231 1155 2252 renes
1168 2243 1176 2259 ,
1201 2222 1438 2253 demonstratur
1459 2233 1498 2253 ex
1521 2222 1726 2253 similitudine
1747 2221 1809 2253 hu-

130 2268 304 2307 moris·'in'
322 2273 360 2305 iis
387 2274 528 2316 reperti'3
563 2275 598 2308 iu
617 2275 737 2307 morbis
758 2276 793 2309 in
822 2275 944 2318 quibus
964 2287 1040 2308 cum
1069 2272 1233 2310 ureter'um
1254 2278 1484 2321 ‘destructione
1509 2279 1558 2312 vel
1589 2278 1809 2311 obstructione

1761 2346 1812 2367 re-
