2278 2880
441 162 733 196 RESPONSIO
763 173 808 195 An
843 136 1213 202 QUAESTIONEM
1245 148 1595 198 zo'6LOGICAM.
1818 167 1860 197 29

173 255 292 297 partini
316 253 348 284 in
372 254 554 295 glomerulis
575 255 672 286 finem
694 255 829 286 faciunt.
875 255 919 285 Ex
946 256 1077 296 singulis
1111 256 1158 286 his
1184 257 1366 297 glomerulis
1390 258 1447 298 qui
1476 257 1656 290 convolutis
1681 255 1762 288 vasis
1798 267 1857 296 pi·-

175 312 343 353 pillaribus
377 312 614 342 constituuntur
647 312 763 343 duetus
790 311 934 342 uriniferi
966 311 1135 343 Belliniani
1172 318 1280 344 ortum
1315 314 1440 344 ducunt
1475 321 1508 345 et
1538 314 1654 346 sensim
1681 312 1725 343 ad
1746 321 1861 353 parvos

173 378 282 398 ramos
304 378 336 399 se
359 368 582 409 conjungunt,
608 378 710 399 versus
727 368 834 409 apices
853 369 1047 409 papillarum
1072 370 1229 400 renalium
1249 370 1467 401 decurrentes.

179 459 182 462 ¹
219 424 362 455 Ureteres
380 425 415 454 in
441 426 587 455 omnibus
606 424 818 460 animalibus,
842 424 959 465 quibus
987 436 1079 456 renes
1107 426 1176 456 dati
1204 430 1276 456 sunt
1305 426 1518 466 reperiuntur.
1564 426 1602 457 In
1643 425 1785 467 piscibus
1807 425 1856 457 vel

174 481 207 512 in
227 481 364 512 vesicam
385 479 502 511 abeunt
524 481 570 512 vel
591 481 802 512 immediatim
835 482 920 512 foras
941 481 1086 513 educunt
1107 482 1251 519 urinam,
1277 482 1324 512 uti
1346 482 1408 513 hoc
1429 486 1523 512 antea
1541 481 1613 523 jam
1626 482 1775 513 vidimus.

220 537 258 568 In
287 536 459 577 amphibiis
490 548 613 578 semper
640 543 777 568 ureteres
803 539 846 569 ad
877 539 1028 570 cloacam
1070 538 1265 575 decurrunt,
1296 539 1373 569 licet
1403 548 1497 579 saepe
1525 538 1608 569 adsit
1639 539 1743 570 vesica
1779 538 1864 569 infra

177 595 326 626 cloacam
347 592 472 634 posita,
497 593 530 623 in
557 603 657 634 quam
682 594 774 624 urina
802 604 840 624 ex
864 595 980 625 cloaca
1010 595 1175 636 recipitur.
1220 594 1395 636 Reperitur
1431 595 1536 626 vesica
1567 595 1602 626 in
1624 595 1746 630 Ranis,
1770 594 1866 625 Sala-

176 651 338 686 mandris,
374 649 620 686 Testudinibus‚
654 650 686 681 in
721 651 883 681 nonnullis
914 651 1058 682 Lacertis
1089 656 1156 683 eet.
1201 650 1367 682 Crocodili
1404 655 1536 688 eontra,
1575 651 1682 692 plures
1710 651 1866 680 Lacertae

180 710 211 736 et
236 705 405 747 Serpentes
426 715 463 735 ea
488 705 591 735 vesica
612 710 724 736 carent
746 705 825 747 (Νο.
848 706 939 744 43.).
986 707 1163 737 Humorem
1198 706 1286 738 hisce
1314 706 1426 738 vesicis
1454 710 1642 736 contentum
1669 716 1778 737 veram
1801 714 1865 735 esse

179 760 305 790 urinam
328 764 486 790 testantur
509 761 705 802 Las-migne
726 766 757 790 et
782 760 922 791 Boz'ssel
939 761 1020 803 (ΝΟ.
1041 760 1117 802 44)
1145 762 1202 802 qui
1222 762 1254 792 in
1275 762 1379 792 vesica
1399 761 1566 792 testudinis
1589 761 1720 792 acidum
1741 761 1867 791 uricuxn

179 815 412 852 observarunt,
459 817 525 847 imo
576 816 763 859 Vauqzcelc'n
796 817 830 848 in
857 827 896 849 ea
937 818 1103 849 calculum
1142 817 1319 849 urinarium
1351 817 1469 859 reperit
1515 818 1594 858 (Na
1621 817 1675 850 45.
1709 818 1797 849 Tom.
1836 817 1866 847 1.

179 883 258 915 pag.
285 871 359 906 434.
376 873 405 914 ).

224 930 368 961 Ureteres
403 928 508 960 avium
542 930 667 962 urinam
697 931 825 963 ducunt
857 930 889 961 in
912 931 1085 967 cloacam,
1120 936 1155 962 ut
1190 942 1265 963 eum
1302 930 1446 963 faecibus
1478 931 1660 962 misceatur.
1715 930 1871 961 Attamen

179 986 340 1019 Slruslzc'o
378 985 538 1017 camelus
569 992 600 1017 et
641 987 835 1018 Casum-Aus-
871 988 1005 1019 Indicus
1034 988 1239 1019 solummodo
1280 988 1503 1028 excipiantur,
1542 989 1598 1027 qui
1631 987 1876 1027 receptaculum

178 1043 323 1074 habeant
357 1053 416 1085 pro
435 1044 526 1074 urina
556 1054 614 1086 per
646 1045 808 1076 valvulam
839 1055 857 1076 a
888 1049 996 1075 tractu
1032 1043 1208 1074 intestinali
1241 1048 1449 1083 separatum,
1484 1042 1575 1083 quod
1597 1042 1671 1084 jam
1704 1043 1871 1074 stem-aule

178 1099 264 1140 (ΝΟ.
282 1098 334 1131 47.
358 1110 389 1140 p.
412 1099 442 1130 2.
467 1109 542 1140 pag.
557 1098 657 1138 154.)
682 1099 876 1135 observavit.
903 1107 935 1129 et
961 1098 1121 1140 Geoffivy
1140 1099 1180 1129 cle
1205 1097 1473 1129 Saa‘nt-Ilzlae're
1493 1097 1574 1138 (ΝΟ.
1592 1097 1647 1131 46,
1670 1109 1743 1140 pag.
1765 1098 1866 1140 438.)

180 1158 334 1186 accurate
372 1153 549 1194 descripsit.
572 1171 614 1176 —
638 1154 780 1184 Ureteies
806 1153 848 1184 ad
878 1153 994 1184 faciem
1029 1154 1188 1184 dorsalem
1218 1154 1318 1194 pelvis
1346 1155 1543 1192 decurrunt,
1568 1156 1768 1186 musculosae
1797 1159 1872 1185 sunt

174 1214 316 1244 ,naturae
336 1213 367 1239 et
387 1209 431 1238 ad
451 1209 631 1250 marginem
651 1209 793 1239 intestini
815 1209 896 1240 recti
924 1210 957 1240 in
978 1210 1129 1241 cloacam
1154 1209 1256 1241 hiant.

223 1265 270 1296 Ex
294 1274 382 1295 nunc
405 1263 500 1294 dictis
525 1268 616 1304 patet
638 1264 776 1294 vesicam
799 1263 856 1305 (in
881 1275 981 1305 quam
1016 1266 1141 1296 scilicet
1174 1270 1313 1297 ureteres
1342 1267 1553 1298 immediatim
1574 1267 1702 1298 urinam
1719 1267 1867 1306 ducunt)

180 1321 330 1354 omnibus
351 1319 523 1360 amphibiis
549 1319 660 1349 datam
688 1330 754 1350 non
786 1330 873 1358 esse,
897 1331 1003 1362 neque
1038 1332 1111 1353 aves
1135 1332 1174 1353 ea
1206 1323 1311 1354 vesica
1344 1324 1519 1355 instructae
1550 1324 1698 1355 videntur
1730 1325 1870 1365 exceptis

179 1377 383 1411 Strutlzz'one
403 1380 434 1406 et
457 1374 645 1413 Casuaria,
670 1376 847 1417 inquibus
879 1377 1044 1418 quaedam
1076 1379 1200 1410 vesicae
1236 1379 1360 1420 species
1390 1387 1518 1421 reperta
1550 1389 1607 1412 est.
1651 1381 1689 1412 In
1710 1391 1870 1411 mamma-

178 1434 261 1466 lihus
281 1443 359 1467 vero
379 1442 504 1475 semper
524 1433 630 1465 vesica
657 1433 798 1464 urinaria
814 1434 927 1472 adest,
953 1435 987 1466 in
1009 1445 1108 1476 quam
1126 1436 1220 1467 urina
1242 1446 1280 1467 ex
1299 1436 1429 1468 renibus
1448 1447 1507 1479 per
1537 1442 1676 1469 ureteres
1699 1436 1870 1468 immedia-

179 1491 238 1526 tim
260 1490 446 1521 effunditur.

171 1537 175 1542 .
222 1538 322 1579 Urina
344 1546 424 1588 quin
444 1546 534 1577 inter
565 1537 715 1578 humores
744 1547 902 1579 maximae
933 1549 1131 1591 compositos
1170 1549 1331 1591 pertineat
1368 1560 1435 1582 non
1468 1550 1657 1587 dubitatur,
1689 1550 1869 1581 dummodo

182 1604 225 1635 ad
245 1603 484 1649 multitudinem
506 1603 754 1633 substantiarum
780 1604 1005 1642 attendamus,
1031 1616 1120 1646 quae
1143 1615 1159 1634 a
1192 1604 1425 1636 recentioribus
1452 1607 1529 1637 artis
1557 1607 1729 1638 Chemicae
1761 1607 1874 1648 peritis

171 1650 257 1690 ¹viris
275 1658 308 1705 in
328 1658 421 1689 urina
440 1661 586 1698 repertae
607 1665 691 1688 sunt·
737 1659 827 1689 Multi
850 1659 994 1691 Chemici
1018 1660 1094 1691 huic
1126 1661 1230 1692 fluido
1259 1671 1392 1702 operam
1426 1662 1584 1693 dederunt
1607 1667 1638 1693 et
1660 1662 1702 1693 de
1724 1667 1869 1704 tempore

178 1716 217 1749 vin
244 1720 367 1757 tempus
382 1724 467 1746 nova
481 1721 554 1744 sunt
577 1718 723 1755 repertas,
749 1725 835 1755 quae
859 1720 952 1746 antea
975 1716 1121 1747 nondum
1146 1721 1238 1748 erant
1254 1717 1319 1747 visa
1335 1717 1529 1759 principia„

226 1771 322 1802 Urina
340 1782 418 1802 -cum
440 1781 526 1811 aqua
552 1770 703 1800 miscetur
725 1770 758 1801 in
779 1773 866 1802 omni
886 1774 1111 1814 proportione.
1156 1773 1188 1804 Si
1212 1783 1285 1804 vero
1319 1772 1452 1804 atcohol
1469 1774 1601 1806 additur
1624 1785 1662 1806 ex
1693 1775 1784 1805 urina
1814 1774 1872 1805 de-

174 1827 341 1869 jiciuntur
364 1826 496 1861 acidum
517 1827 641 1858 uricum
655 1849 663 1863 ‚
688 1826 885 1869 phosphates
915 1833 1076 1859 terrestres
1093 1833 1125 1859 et
1144 1830 1207 1860 alia
1231 1830 1310 1860 salia
1330 1830 1362 1860 in
1394 1829 1542 1861 alcohole
1568 1831 1672 1862 minus
1690 1831 1850 1861 solubilia.

227 1883 325 1914 Urina
351 1882 492 1913 humana
513 1887 590 1914 teste
619 1883 784 1914 Tlaenarcl
809 1885 954 1916 continet
975 1890 1102 1926 praeter
1134 1896 1253 1927 aquam
1267 1896 1418 1925 ‚atreum
1433 1908 1441 1922 ‚
1466 1896 1599 1925 mucum
1621 1888 1763 1925 vesicae,
1785 1898 1871 1928 pau-

184 1950 259 1971 cam
288 1940 455 1970 materiem
486 1939 677 1976 animalem,
702 1940 834 1971 acidum
858 1942 999 1978 uricum,
1030 1946 1066 1972 et
1096 1941 1228 1973 acidum
1245 1941 1502 1983 phosphoricum
1519 1942 1615 1984 hujus
1636 1953 1710 1981 vero
1731 1944 1807 1974 loco
1829 1944 1871 1974 ab

171 1996 257 2033 ,aliis
272 1996 403 2034 acidum
424 1996 586 2027 aceticum
610 1996 658 2028 vel
672 1997 828 2043 laetieum
850 2002 1012 2040 repertum
1038 2002 1097 2032 est.
1120 2015 1164 2022 --
1184 1998 1279 2031 Doct.
1304 1998 1436 2029 Proust
1456 1999 1519 2030 alia
1540 1999 1649 2030 adhuc
1667 1992 1760 2030 notat
1784 2000 1874 2041 prin-

173 2047 175 2049 ’
191 2053 276 2094 cipia
297 2053 344 2083 uti
366 2052 518 2094 sulphur,
542 2053 633 2094 quod
652 2057 783 2084 notatur
800 2054 1015 2085 calefactione
1032 2056 1143 2086 urinae
1162 2055 1194 2086 in
1213 2065 1285 2086 vase
1308 2059 1462 2096 argenteo
1474 2077 1482 2092 ‚
1509 2056 1600 2096 quod
1618 2056 1696 2093 signde
1713 2057 1874 2097 nigrescit.

231 2109 779 2141 Animalium-mammaliumvurina
806 2111 962 2152 imprimis
989 2116 1036 2145 est
1054 2111 1180 2154 ,diversa
1213 2113 1246 2154 in
1272 2113 1450 2144 (carnivoris
1477 2116 1508 2142 et
1527 2111 1711 2151 herbiforis.
1735 2138 1737 2141 .
1759 2112 1874 2144 Carni·

189 2176 340 2198 vororum
362 2166 453 2196 urina
473 2166 540 2196 fere
560 2167 666 2197 omnia
701 2167 846 2198 continet
876 2168 1038 2209 principia
1063 2179 1103 2200 ae
1135 2168 1297 2206 human-113
1329 2169 1373 2199 sio
1406 2168 1496 2209 urina
1523 2168 1687 2207 Leonum,
1713 2169 1823 2200 Felum
1842 2175 1876 2201 et

187 2223 439 2272 ssssnumfffflfl?
457 2222 600 2274 mpsiffli*
614 2233 642 2273 *a
670 2224 859 2273 Vauqeeiffl
879 2224 1103 2272 &Clamet-cll
1133 2230 1187 2268 fest
1208 2226 1426 2268 lnteeligfilau
1457 2224 1762 2266 In'herhivfoiforum
1785 2226 1876 2257 urina

680 2276 683 2282 ⁴
1091 2282 1118 2313 D
1143 2282 1163 2313 3
1802 2283 1872 2314 aei·
