2278 2880
398 193 441 225 23
823 191 863 223 A.
900 192 928 223 J.
961 192 999 223 D.
1035 188 1327 222 STEENSTRA
1361 188 1661 228 TOUSSAINT‚

397 296 463 327 qua
485 294 521 315 ex
543 292 640 315 causa
663 283 760 313 etiam
785 282 818 314 in
845 282 893 313 his
911 283 1104 314 animalibus
1120 281 1221 324 hepar
1237 282 1391 324 imprimis
1411 286 1442 314 et
1464 294 1553 314 renes
1573 283 1684 325 quoad
1707 282 1857 315 volumen
1882 282 1978 316 valde
2006 295 2082 318 evo.

396 344 480 374 lutos
507 340 734 382 conspicimus.

438 400 477 430 In
500 400 636 441 piscium
657 396 807 437 renibus,
831 397 878 428 uti
900 401 987 439 patet
1012 407 1049 427 ex
1070 396 1254 427 anatomica
1279 407 1390 427 eorum
1426 396 1662 438 descriptione,
1695 396 1773 428 nihil
1805 396 1870 428 sere
1897 397 2083 431 observatur

398 457 438 487 de
460 455 616 497 penitiore
639 459 799 485 structura
825 465 924 495 quum
949 453 1088 485 hominis
1106 463 1196 484 renes
1221 464 1258 483 ex
1281 463 1328 494 gr.
1349 452 1525 493 prodeunt.

438 513 477 544 In
499 511 680 554 Amphibiis
699 520 791 542 renes
811 510 912 551 magis
936 509 1069 550 quidem
1094 520 1133 541 ac
1157 510 1190 540 in
1212 509 1354 551 piscibus
1375 509 1440 539 duo
1463 510 1662 540 constituunt
1682 520 1803 552 organa
1834 516 2002 551 separata,
2027 513 2084 544 sed

390 570 463 611 jam
482 574 553 600 sunt
580 569 727 599 minores.
774 567 811 597 In
833 567 979 608 plurimis
997 566 1138 607 piscibus
1165 577 1256 598 renes
1283 564 1329 596 uti
1362 565 1497 596 vidimus
1527 572 1631 597 totum
1661 567 1726 598 fere
1762 577 1877 598 cavum
1899 567 2082 600 abdominis

394 631 605 668 percurrunt3
631 630 743 656 contra
765 625 798 654 in
821 623 992 664 amphibiis
1018 623 1185 653 dimidiam
1209 623 1256 654 vel
1280 622 1406 653 tertiam
1428 628 1552 664 partem
1577 623 1673 663 hujus
1696 624 1767 655 cavi
1787 626 1883 666 vulgo
1899 630 2082 667 occupant,

398 683 478 725 (Ν).
511 682 567 715 21.
609 692 687 724 pag.
721 680 823 723 653.)
864 684 1006 711 attamen
1034 680 1067 709 iu
1097 678 1147 709 his
1178 680 1280 721 magis
1308 679 1405 710 etiam
1439 680 1541 711 vIobati
1571 685 1750 722 apparent,
1784 691 1884 723 quam
1915 682 1948 713 in
1979 683 2085 724 priore

397 741 510 771 classe.

437 797 552 827 Avium
574 805 664 826 renes
681 794 821 835 majores
842 803 940 834 quam
962 791 1182 823 mammalium
1217 802 1255 823 ex
1290 792 1435 833 pluribus
1466 793 1582 824 lobulis
1613 798 1855 835 componuntur
1879 799 1910 825 et
1937 795 1970 826 in
1997 796 2085 826 cavi-

397 858 462 884 tate
486 852 618 894 propria
640 856 712 882 sunt
732 850 831 881 locati
853 850 936 879 inter
956 860 1095 891 corpora
1122 849 1343 881 vertebrarum
1373 850 1566 881 lumborum.
1614 849 1742 880 Renum
1778 855 1939 881 structura
1971 851 2085 882 horum

397 911 586 941 animalium
606 913 641 938 ut
661 915 694 938 et
714 907 872 949 piscium,
909 906 1106 937 substantiae
1132 906 1282 937 corticali
1308 907 1528 937 mammalium
1559 916 1672 937 renum
1705 911 1752 936 est
1776 906 1902 944 similis,
1927 906 1994 938 sine
2013 906 2085 939 ullis

396 967 525 1009 papillis
545 966 593 998 vel
613 963 797 1006 czssycibus,
823 963 914 1004 quod
931 962 1002 1004 jam
1025 963 1167 994 Ferrez'n
1192 962 1433 994 demonstravit.
1460 962 1537 1003 (N'.
1559 963 1634 1004 35.)

439 1024 478 1054 In
498 1023 610 1053 ultima
634 1031 722 1053 nunc
742 1025 772 1050 et
797 1019 1027 1060 perfectissima
1053 1019 1241 1050 animalium
1266 1020 1365 1050 classe
1389 1020 1514 1050 scilicet
1535 1019 1572 1050 *in
1594 1018 1839 1057 mammalibus‚
1875 1030 1965 1051 renes
1983 1020 2086 1050 maxi-

396 1091 448 1111 me
469 1079 631 1121 perfectos
650 1077 858 1107 offendimus.
904 1075 1017 1117 Figura
1043 1076 1074 1106 in
1095 1077 1256 1107 nonnullis
1285 1080 1413 1107 ‘tantum
1442 1086 1609 1106 racemosa
1637 1079 1700 1112 est,
1734 1075 1768 1105 in
1794 1075 1864 1105 aliis
1890 1075 1958 1106 sine
1981 1075 2087 1105 mani-

398 1138 477 1168 festa
495 1137 527 1166 in
547 1134 672 1165 lobulos
693 1133 848 1163 divisione
869 1137 955 1162 certe
976 1132 1008 1162 in
1031 1132 1143 1163 adulto
1173 1137 1278 1169 statu3
1303 1138 1457 1162 constant
1489 1137 1597 1162 autem
1620 1131 1655 1163 in
1685 1131 1911 1163 mammalibus
1930 1141 2022 1163 renes
2047 1141 2085 1161 ex

399 1193 525 1224 duabus
549 1190 754 1226 substantiis,
779 1188 887 1219 colore
911 1192 940 1218 et
967 1191 1091 1217 textura
1114 1188 1255 1217 diversis.

443 1248 629 1280 Substantia
645 1250 782 1276 externa
804 1244 967 1275 corticalis
989 1248 1035 1275 est
1060 1242 1242 1274 rubicunda
1256 1263 1265 1279 ‚
1300 1242 1403 1273 mollis
1435 1246 1466 1272 et
1496 1245 1622 1273 constat
1655 1251 1693 1273 ex
1723 1241 1889 1283 permultis
1910 1241 1990 1272 vasis
2012 1251 2086 1273 san-

400 1306 529 1349 guiferis
550 1304 642 1335 vario
662 1301 762 1333 modo
782 1302 865 1340 inter
887 1310 918 1330 se
939 1299 1186 1330 decurrentibus
1208 1303 1240 1329 et
1264 1298 1444 1328 tenuissima
1463 1299 1529 1328 tela
1554 1297 1707 1328 cellulosa
1731 1293 1934 1339 conjunctis,
1960 1302 2086 1328 constat

397 1372 495 1404 porro
515 1371 553 1391 ex
576 1358 681 1400 parvis
702 1356 885 1398 glomerulis
906 1359 937 1385 ct
966 1365 1004 1385 ex
1033 1355 1148 1385 finibus
1180 1354 1338 1385 ductuum
1366 1354 1604 1384 uriniferorum.
1650 1352 1723 1383 Non
1751 1353 1855 1382 solum
1888 1352 1970 1383 haec
2008 1351 2085 1383 sub-

399 1417 517 1449 stantia
543 1420 711 1446 externum
735 1413 905 1445 circuitum
917 1421 1027 1441 renum
1049 1415 1212 1451 occupat,
1238 1410 1295 1441 sed
1316 1411 1413 1442 etiam
1430 1409 1561 1440 interius
1583 1409 1617 1440 in
1640 1407 1855 1440 substantiam
1874 1408 2084 1440 medullarem

397 1476 568 1516 penetrat,
592 1471 637 1501 ita
659 1474 694 1500 ut
718 1479 789 1500 eam
813 1467 854 1498 ab
872 1468 958 1498 omni
979 1472 1069 1507 parte
1096 1468 1287 1498 circumdet.

441 1527 629 1561 Substantia
656 1524 840 1556 medullaris
859 1524 923 1554 sive
946 1521 1115 1560 tribulosa,
1138 1523 1272 1553 interius
1300 1522 1487 1558 collocata,
1521 1521 1648 1552 densior
1675 1524 1721 1551 est
1741 1524 1773 1551 et
1800 1519 1906 1550 minus
1934 1520 2081 1552 colorata

399 1597 499 1629 quam
523 1582 686 1615 corticalis
710 1579 897 1609 substantia.
945 1578 1080 1607 Constat
1103 1588 1163 1616 pro
1185 1579 1325 1608 maxima
1347 1582 1439 1618 parte
1461 1588 1498 1607 ex
1519 1577 1627 1617 parvis
1648 1575 1799 1607 ductibus
1828 1577 2080 1615 membranosis‚

400 1641 517 1682 quibus
535 1637 627 1668 urina
649 1635 851 1669 continetur,
878 1631 994 1662 tubulis
1010 1642 1056 1661 uri
1050 1631 1166 1662 {niteris
1179 1632 1363 1664 Bellinianis
1379 1630 1483 1662 dictis.
1521 1630 1637 1660 Tubuli
1655 1631 1687 1660 hi
1708 1632 1750 1661 ad
1763 1632 1935 1662 fasciculos
1947 1631 2081 1672 juncti,

401 1699 630 1737 convergentes
652 1692 695 1724 ad
726 1691 824 1721 hilum
858 1689 1000 1720 renalem
1033 1688 1209 1719 decurrunt
1239 1694 1270 1719 et
1307 1689 1446 1718 formant
1472 1686 1644 1716 fasciculos
1673 1687 1888 1727 pyramidales
1910 1687 2078 1723 Ferreinii.

400 1763 539 1796 quorum
570 1751 660 1780 bases
690 1747 732 1778 ad
760 1744 972 1776 substantiam
1001 1744 1207 1782 corticalem‚
1242 1745 1351 1786 apices
1381 1752 1455 1774 vero
1489 1747 1593 1773 versus
1627 1741 1728 1771 hilum
1752 1741 1893 1771 renalem
1922 1746 2081 1782 spectant.

398 1811 517 1852 Apices
548 1805 774 1837 fasciculorum
805 1800 1056 1843 pyramidalium
1085 1800 1143 1831 sub
1174 1801 1276 1832 forma
1310 1799 1504 1843 papillarum
1536 1808 1711 1839 parvarum
1745 1797 1909 1840 (papillae
1932 1797 2079 1840 renales)

399 1866 612 1910 prominent3
645 1871 757 1891 earum
789 1861 1001 1889 numerantur
1033 1857 1177 1898 quinque
1205 1858 1249 1888 ad
1281 1857 1447 1888 undecim.
1502 1855 1671 1885 'Interdum
1701 1853 1800 1885 etiam
1827 1854 1911 1885 duae
1941 1855 1991 1886 vel
2022 1860 2084 1886 tres

399 1920 583 1965 pyramides
599 1919 631 1948 in
660 1927 758 1948 unam
783 1914 940 1960 papillam
963 1923 994 1944 se
1014 1912 1247 1957 conjungunt,
1276 1912 1366 1944 unde
1393 1916 1470 1943 tune
1501 1911 1606 1942 minor
1639 1910 1834 1952 papillarum
1859 1914 1962 1950 quam,
1985 1920 2081 1950 pyra-

398 1978 521 2010 midum
541 1983 703 2006 numerus
1128 1970 1131 1977 ¹
1915 1995 1918 1999 ,

444 2031 570 2064 Arteria
595 2029 638 2060 ad
659 2027 816 2069 singulum
836 2035 944 2056 renem
970 2036 1011 2056 ex
1039 2030 1129 2073 aorta
1158 2024 1242 2057 venit
1273 2023 1339 2054 fere
1369 2005 1432 2056 sub
1462 2023 1580 2067 angu'lo
1606 2027 1713 2053 recto.
1756 2020 1791 2051 Si
1814 2020 1857 2053 in
1872 2018 2082 2050 substantiam

399 2100 513 2122 renum
543 2084 710 2118 intraverit
740 2083 875 2119 arteria,
908 2082 1029 2113 multos
1057 2077 1173 2123 parvos
1203 2080 1325 2111 format
1356 2090 1463 2111 ramos
1497 2080 1580 2110 inter
1613 2076 1768 2118 papillas
1765 2080 1800 2106 et
1818 2075 2004 2117 pyramides
2026 2075 2083 2106 de-

400 2149 584 2180 currentes,
609 2142 666 2183 qui
693 2151 733 2172 eo
762 2141 837 2171 loco
870 2149 937 2180 quo
971 2138 1043 2170 finis
1075 2143 1120 2169 est
1156 2136 1353 2168 substantiae
1387 2135 1573 2167 medullaris
1607 2140 1639 2164 et
1669 2132 1835 2164 corticalis
1868 2136 2084 2164 anastomoses

399 2196 552 2238 formant.
597 2198 642 2229 Ex
663 2195 800 2229 arcubus
830 2190 988 2236 denique,
1014 2203 1098 2235 quae
1122 2194 1173 2224 'ita
1201 2193 1380 2224 formantur
1409 2191 1502 2222 multi
1532 2188 1705 2220 tenuissimi
1738 2188 1855 2220 ramuli
1871 2189 2079 2230 proveniunt,

400 2260 456 2305 qui
484 2255 665 2300 pyramides
694 2252 816 2286 renales
862 2251 1103 2285 circumdantes
1127 2250 1250 2293 -partim
1286 2246 1445 2282 radiatim
1462 2245 1611 2284 tendunt
1633 2245 1697 2277 >adr
1718 2251 1831 2288 renum
1852 2245 2082 2287 aupegficierq,

2004 2310 2085 2345 par-
