<?xml version="1.0" encoding="UTF-8"?>
<!DOCTYPE html PUBLIC "-//W3C//DTD XHTML 1.0 Transitional//EN"
    "http://www.w3.org/TR/xhtml1/DTD/xhtml1-transitional.dtd">
<html xmlns="http://www.w3.org/1999/xhtml" xml:lang="en" lang="en">
 <head>
  <title>
</title>
<meta http-equiv="Content-Type" content="text/html;charset=utf-8" />
  <meta name='ocr-system' content='tesseract 3.04.00' />
  <meta name='ocr-capabilities' content='ocr_page ocr_carea ocr_par ocr_line ocrx_word'/>
</head>
<body>
  <div class='ocr_page' id='page_1' title='image "./responsioadquaes00stee_0015.png"; bbox 0 0 2278 2880; ppageno 0'>
   <div class='ocr_carea' id='block_1_1' title="bbox 424 161 1848 213">
    <p class='ocr_par' dir='ltr' id='par_1_1' title="bbox 424 161 1848 213">
     <span class='ocr_line' id='line_1_1' title="bbox 424 161 1848 213; baseline -0.001 -5"><span class='ocrx_word' id='word_1_1' title='bbox 424 172 714 208; x_wconf 69' lang='lat' dir='ltr'><strong>nnsronsm</strong></span> <span class='ocrx_word' id='word_1_2' title='bbox 749 183 798 205; x_wconf 55' lang='lat' dir='ltr'><strong>A„</strong></span> <span class='ocrx_word' id='word_1_3' title='bbox 835 171 1206 213; x_wconf 77' lang='lat' dir='ltr'><strong>QUAESTIONEM</strong></span> <span class='ocrx_word' id='word_1_4' title='bbox 1238 161 1577 206; x_wconf 58' lang='lat' dir='ltr'><strong>zooro&#39;mcsn.</strong></span> <span class='ocrx_word' id='word_1_5' title='bbox 1828 174 1848 207; x_wconf 88' lang='lat'>7</span> 
     </span>
    </p>
   </div>
   <div class='ocr_carea' id='block_1_2' title="bbox 752 341 1069 355">
    <p class='ocr_par' dir='ltr' id='par_1_2' title="bbox 752 341 1069 355">
     <span class='ocr_line' id='line_1_2' title="bbox 752 341 1069 355; baseline 0 2525"><span class='ocrx_word' id='word_1_6' title='bbox 752 341 1069 355; x_wconf 95' lang='lat' dir='ltr'><strong> </strong></span> 
     </span>
    </p>
   </div>
   <div class='ocr_carea' id='block_1_3' title="bbox 760 486 1242 533">
    <p class='ocr_par' dir='ltr' id='par_1_3' title="bbox 760 486 1242 533">
     <span class='ocr_line' id='line_1_3' title="bbox 760 486 1242 533; baseline -0.004 0"><span class='ocrx_word' id='word_1_7' title='bbox 760 486 1090 533; x_wconf 85' lang='lat' dir='ltr'><strong>PARS</strong></span> <span class='ocrx_word' id='word_1_8' title='bbox 1193 489 1242 531; x_wconf 84' lang='grc' dir='ltr'><strong>Ι.</strong></span> 
     </span>
    </p>
   </div>
   <div class='ocr_carea' id='block_1_4' title="bbox 279 620 1730 713">
    <p class='ocr_par' dir='ltr' id='par_1_4' title="bbox 279 620 1730 713">
     <span class='ocr_line' id='line_1_4' title="bbox 279 620 1730 655; baseline -0.004 0"><span class='ocrx_word' id='word_1_9' title='bbox 279 624 548 655; x_wconf 81' lang='lat' dir='ltr'>DESCRIPTIO</span> <span class='ocrx_word' id='word_1_10' title='bbox 583 622 836 651; x_wconf 78' lang='lat' dir='ltr'>ANATOMICA</span> <span class='ocrx_word' id='word_1_11' title='bbox 870 620 1144 648; x_wconf 75' lang='lat' dir='ltr'><strong>ORGANORUM</strong></span> <span class='ocrx_word' id='word_1_12' title='bbox 1179 622 1347 651; x_wconf 70' lang='lat' dir='ltr'>URINAM</span> <span class='ocrx_word' id='word_1_13' title='bbox 1383 622 1730 651; x_wconf 68' lang='lat' dir='ltr'>SECERNENTIUM-</span> 
     </span>
     <span class='ocr_line' id='line_1_5' title="bbox 865 682 1148 713; baseline 0.014 -5"><span class='ocrx_word' id='word_1_14' title='bbox 865 682 906 708; x_wconf 80' lang='lat' dir='ltr'><strong>IN</strong></span> <span class='ocrx_word' id='word_1_15' title='bbox 942 682 1148 713; x_wconf 85' lang='lat' dir='ltr'>PISCIBUS.</span> 
     </span>
    </p>
   </div>
   <div class='ocr_carea' id='block_1_5' title="bbox 141 778 1846 1859">
    <p class='ocr_par' dir='ltr' id='par_1_5' title="bbox 149 778 1846 1071">
     <span class='ocr_line' id='line_1_6' title="bbox 152 778 1842 849; baseline 0.001 -13"><span class='ocrx_word' id='word_1_16' title='bbox 152 778 191 836; x_wconf 78' lang='lat' dir='ltr'>J</span> <span class='ocrx_word' id='word_1_17' title='bbox 192 817 244 838; x_wconf 87' lang='lat' dir='ltr'><strong>am</strong></span> <span class='ocrx_word' id='word_1_18' title='bbox 269 805 432 838; x_wconf 77' lang='lat' dir='ltr'>Aristoteli</span> <span class='ocrx_word' id='word_1_19' title='bbox 452 810 588 849; x_wconf 81' lang='lat' dir='ltr'>systema</span> <span class='ocrx_word' id='word_1_20' title='bbox 609 804 840 848; x_wconf 63' lang='lat' dir='ltr'><strong>uropoeticum</strong></span> <span class='ocrx_word' id='word_1_21' title='bbox 862 803 1085 835; x_wconf 83' lang='lat' dir='ltr'><strong>mammalium</strong></span> <span class='ocrx_word' id='word_1_22' title='bbox 1107 804 1199 838; x_wconf 83' lang='lat' dir='ltr'><strong>fuisse</strong></span> <span class='ocrx_word' id='word_1_23' title='bbox 1221 811 1354 844; x_wconf 80' lang='lat' dir='ltr'><strong>notum,</strong></span> <span class='ocrx_word' id='word_1_24' title='bbox 1379 817 1417 838; x_wconf 87' lang='lat' dir='ltr'><strong>ex</strong></span> <span class='ocrx_word' id='word_1_25' title='bbox 1440 805 1509 848; x_wconf 88' lang='lat' dir='ltr'><strong>ejus</strong></span> <span class='ocrx_word' id='word_1_26' title='bbox 1529 805 1681 847; x_wconf 84' lang='lat' dir='ltr'><strong>operibus</strong></span> <span class='ocrx_word' id='word_1_27' title='bbox 1704 809 1842 837; x_wconf 83' lang='lat' dir='ltr'><strong>constat.</strong></span> 
     </span>
     <span class='ocr_line' id='line_1_7' title="bbox 149 861 1845 906; baseline -0.002 -10"><span class='ocrx_word' id='word_1_28' title='bbox 149 865 197 906; x_wconf 24' lang='lat' dir='ltr'><strong>*De</strong></span> <span class='ocrx_word' id='word_1_29' title='bbox 220 864 327 895; x_wconf 89' lang='lat' dir='ltr'><strong>avium</strong></span> <span class='ocrx_word' id='word_1_30' title='bbox 350 874 444 901; x_wconf 85' lang='lat' dir='ltr'><strong>vero,</strong></span> <span class='ocrx_word' id='word_1_31' title='bbox 481 864 620 906; x_wconf 85' lang='lat' dir='ltr'>piscium</span> <span class='ocrx_word' id='word_1_32' title='bbox 656 867 688 894; x_wconf 87' lang='lat' dir='ltr'><strong>et</strong></span> <span class='ocrx_word' id='word_1_33' title='bbox 716 862 917 903; x_wconf 86' lang='lat' dir='ltr'><strong>reliquorum</strong></span> <span class='ocrx_word' id='word_1_34' title='bbox 940 861 1129 893; x_wconf 86' lang='lat' dir='ltr'><strong>animalium</strong></span> <span class='ocrx_word' id='word_1_35' title='bbox 1153 864 1282 906; x_wconf 77' lang='lat' dir='ltr'><strong>organis</strong></span> <span class='ocrx_word' id='word_1_36' title='bbox 1312 864 1440 895; x_wconf 86' lang='lat' dir='ltr'><strong>urinam</strong></span> <span class='ocrx_word' id='word_1_37' title='bbox 1460 862 1699 894; x_wconf 87' lang='lat' dir='ltr'><strong>secernentibus</strong></span> <span class='ocrx_word' id='word_1_38' title='bbox 1720 863 1845 894; x_wconf 82' lang='lat' dir='ltr'><strong>nullam</strong></span> 
     </span>
     <span class='ocr_line' id='line_1_8' title="bbox 149 917 1844 960; baseline -0.001 -10"><span class='ocrx_word' id='word_1_39' title='bbox 149 919 267 950; x_wconf 88' lang='lat' dir='ltr'><strong>habuit</strong></span> <span class='ocrx_word' id='word_1_40' title='bbox 289 919 470 950; x_wconf 83' lang='lat' dir='ltr'><strong>scientiam.</strong></span> <span class='ocrx_word' id='word_1_41' title='bbox 516 918 666 950; x_wconf 80' lang='lat' dir='ltr'><strong>Etenim:</strong></span> <span class='ocrx_word' id='word_1_42' title='bbox 697 917 842 950; x_wconf 81' lang='lat' dir='ltr'><strong>«Renes</strong></span> <span class='ocrx_word' id='word_1_43' title='bbox 865 923 994 954; x_wconf 83' lang='lat' dir='ltr'><strong>autem,</strong></span> <span class='ocrx_word' id='word_1_44' title='bbox 1020 919 1148 959; x_wconf 86' lang='lat' dir='ltr'><strong>inquit,</strong></span> <span class='ocrx_word' id='word_1_45' title='bbox 1174 925 1205 950; x_wconf 87' lang='lat' dir='ltr'><strong>et</strong></span> <span class='ocrx_word' id='word_1_46' title='bbox 1230 920 1370 952; x_wconf 87' lang='lat' dir='ltr'><strong>vesicam</strong></span> <span class='ocrx_word' id='word_1_47' title='bbox 1394 918 1624 960; x_wconf 79' lang='lat' dir='ltr'>quadrupedes</span> <span class='ocrx_word' id='word_1_48' title='bbox 1644 929 1754 950; x_wconf 87' lang='lat' dir='ltr'><strong>omnes</strong></span> <span class='ocrx_word' id='word_1_49' title='bbox 1782 918 1844 949; x_wconf 79' lang='lat' dir='ltr'><strong>ha-</strong></span> 
     </span>
     <span class='ocr_line' id='line_1_9' title="bbox 151 973 1846 1015; baseline -0.002 -9"><span class='ocrx_word' id='word_1_50' title='bbox 151 988 167 1007; x_wconf 86' lang='lat'>«</span> <span class='ocrx_word' id='word_1_51' title='bbox 187 974 283 1010; x_wconf 81' lang='lat' dir='ltr'><strong>bent,</strong></span> <span class='ocrx_word' id='word_1_52' title='bbox 316 983 402 1015; x_wconf 87' lang='lat' dir='ltr'><strong>quae</strong></span> <span class='ocrx_word' id='word_1_53' title='bbox 437 974 561 1005; x_wconf 89' lang='lat' dir='ltr'><strong>scilicet</strong></span> <span class='ocrx_word' id='word_1_54' title='bbox 584 973 703 1004; x_wconf 81' lang='lat' dir='ltr'><strong>animal</strong></span> <span class='ocrx_word' id='word_1_55' title='bbox 728 973 870 1015; x_wconf 86' lang='lat' dir='ltr'><strong>pariunt.</strong></span> <span class='ocrx_word' id='word_1_56' title='bbox 929 975 974 1004; x_wconf 85' lang='lat' dir='ltr'><strong>At</strong></span> <span class='ocrx_word' id='word_1_57' title='bbox 999 974 1205 1015; x_wconf 86' lang='lat' dir='ltr'><strong>oviparorum</strong></span> <span class='ocrx_word' id='word_1_58' title='bbox 1226 976 1339 1011; x_wconf 87' lang='lat' dir='ltr'><strong>nulla,</strong></span> <span class='ocrx_word' id='word_1_59' title='bbox 1373 985 1480 1015; x_wconf 84' lang='lat' dir='ltr'><strong>neque</strong></span> <span class='ocrx_word' id='word_1_60' title='bbox 1503 975 1587 1005; x_wconf 85' lang='lat' dir='ltr'><strong>enim</strong></span> <span class='ocrx_word' id='word_1_61' title='bbox 1611 978 1666 1004; x_wconf 88' lang='lat' dir='ltr'><strong>aut</strong></span> <span class='ocrx_word' id='word_1_62' title='bbox 1692 973 1757 1005; x_wconf 87' lang='lat' dir='ltr'><strong>avis</strong></span> <span class='ocrx_word' id='word_1_63' title='bbox 1791 978 1846 1003; x_wconf 85' lang='lat' dir='ltr'><strong>aut</strong></span> 
     </span>
     <span class='ocr_line' id='line_1_10' title="bbox 151 1027 968 1071; baseline -0.005 -9"><span class='ocrx_word' id='word_1_64' title='bbox 151 1043 166 1063; x_wconf 90' lang='lat'>«</span> <span class='ocrx_word' id='word_1_65' title='bbox 185 1028 316 1071; x_wconf 85' lang='lat' dir='ltr'><strong>piscis.&#39;’</strong></span> <span class='ocrx_word' id='word_1_66' title='bbox 347 1027 418 1070; x_wconf 83' lang='lat'>(18.</span> <span class='ocrx_word' id='word_1_67' title='bbox 445 1030 535 1061; x_wconf 87' lang='lat' dir='ltr'><strong>Tom.</strong></span> <span class='ocrx_word' id='word_1_68' title='bbox 562 1029 605 1060; x_wconf 95' lang='grc' dir='ltr'><strong>ΙΙ.</strong></span> <span class='ocrx_word' id='word_1_69' title='bbox 631 1028 711 1061; x_wconf 78' lang='lat' dir='ltr'><strong>Hist.</strong></span> <span class='ocrx_word' id='word_1_70' title='bbox 730 1029 761 1059; x_wconf 86' lang='lat'><strong>2.</strong></span> <span class='ocrx_word' id='word_1_71' title='bbox 787 1027 867 1070; x_wconf 91' lang='lat' dir='ltr'><strong>Cap.</strong></span> <span class='ocrx_word' id='word_1_72' title='bbox 891 1027 968 1070; x_wconf 82' lang='lat'>12.)</span> 
     </span>
    </p>

    <p class='ocr_par' dir='ltr' id='par_1_6' title="bbox 143 1084 1843 1407">
     <span class='ocr_line' id='line_1_11' title="bbox 190 1084 1843 1127; baseline 0.001 -12"><span class='ocrx_word' id='word_1_73' title='bbox 190 1084 325 1115; x_wconf 80' lang='lat' dir='ltr'><strong>Interim</strong></span> <span class='ocrx_word' id='word_1_74' title='bbox 345 1089 481 1124; x_wconf 79' lang='lat' dir='ltr'><strong>systema</strong></span> <span class='ocrx_word' id='word_1_75' title='bbox 504 1085 584 1116; x_wconf 83' lang='lat' dir='ltr'><strong>illud</strong></span> <span class='ocrx_word' id='word_1_76' title='bbox 615 1085 713 1115; x_wconf 89' lang='lat' dir='ltr'><strong>etiam</strong></span> <span class='ocrx_word' id='word_1_77' title='bbox 735 1085 768 1114; x_wconf 87' lang='lat' dir='ltr'><strong>in</strong></span> <span class='ocrx_word' id='word_1_78' title='bbox 791 1084 988 1114; x_wconf 82' lang='lat' dir='ltr'>animalibus</span> <span class='ocrx_word' id='word_1_79' title='bbox 1009 1084 1169 1116; x_wconf 87' lang='lat' dir='ltr'><strong>inferioris</strong></span> <span class='ocrx_word' id='word_1_80' title='bbox 1190 1085 1312 1117; x_wconf 82' lang='lat' dir='ltr'>ordinis</span> <span class='ocrx_word' id='word_1_81' title='bbox 1337 1085 1516 1117; x_wconf 81' lang='lat' dir='ltr'><strong>necessario</strong></span> <span class='ocrx_word' id='word_1_82' title='bbox 1535 1084 1607 1127; x_wconf 86' lang='lat' dir='ltr'><strong>jam</strong></span> <span class='ocrx_word' id='word_1_83' title='bbox 1636 1084 1766 1121; x_wconf 84' lang='lat' dir='ltr'><strong>adesse,</strong></span> <span class='ocrx_word' id='word_1_84' title='bbox 1793 1085 1843 1116; x_wconf 87' lang='lat' dir='ltr'><strong>fa-</strong></span> 
     </span>
     <span class='ocr_line' id='line_1_12' title="bbox 147 1139 1842 1182; baseline 0.001 -10"><span class='ocrx_word' id='word_1_85' title='bbox 147 1140 210 1172; x_wconf 87' lang='lat' dir='ltr'><strong>cile</strong></span> <span class='ocrx_word' id='word_1_86' title='bbox 238 1139 342 1170; x_wconf 87' lang='lat' dir='ltr'><strong>credit</strong></span> <span class='ocrx_word' id='word_1_87' title='bbox 363 1140 554 1181; x_wconf 83' lang='lat' dir='ltr'><strong>quicunque</strong></span> <span class='ocrx_word' id='word_1_88' title='bbox 580 1139 623 1170; x_wconf 88' lang='lat' dir='ltr'><strong>ad</strong></span> <span class='ocrx_word' id='word_1_89' title='bbox 643 1140 801 1181; x_wconf 81' lang='lat' dir='ltr'><strong>insignem</strong></span> <span class='ocrx_word' id='word_1_90' title='bbox 823 1139 1081 1180; x_wconf 78' lang='lat' dir='ltr'><strong>magnitudinem</strong></span> <span class='ocrx_word' id='word_1_91' title='bbox 1107 1146 1138 1172; x_wconf 86' lang='lat' dir='ltr'><strong>et</strong></span> <span class='ocrx_word' id='word_1_92' title='bbox 1161 1152 1320 1172; x_wconf 88' lang='lat' dir='ltr'><strong>summum</strong></span> <span class='ocrx_word' id='word_1_93' title='bbox 1338 1141 1547 1182; x_wconf 78' lang='lat' dir='ltr'><strong>perfectionis</strong></span> <span class='ocrx_word' id='word_1_94' title='bbox 1568 1139 1707 1180; x_wconf 82' lang='lat' dir='ltr'><strong>gradum</strong></span> <span class='ocrx_word' id='word_1_95' title='bbox 1735 1146 1842 1173; x_wconf 86' lang='lat' dir='ltr'><strong>atten-</strong></span> 
     </span>
     <span class='ocr_line' id='line_1_13' title="bbox 148 1195 1843 1238; baseline 0.001 -10"><span class='ocrx_word' id='word_1_96' title='bbox 148 1196 222 1233; x_wconf 86' lang='lat' dir='ltr'><strong>dat,</strong></span> <span class='ocrx_word' id='word_1_97' title='bbox 248 1206 346 1238; x_wconf 86' lang='lat' dir='ltr'><strong>quem</strong></span> <span class='ocrx_word' id='word_1_98' title='bbox 371 1196 428 1225; x_wconf 87' lang='lat' dir='ltr'><strong>illa</strong></span> <span class='ocrx_word' id='word_1_99' title='bbox 452 1206 574 1234; x_wconf 86' lang='lat' dir='ltr'><strong>organa</strong></span> <span class='ocrx_word' id='word_1_100' title='bbox 605 1197 640 1226; x_wconf 86' lang='lat' dir='ltr'><strong>in</strong></span> <span class='ocrx_word' id='word_1_101' title='bbox 662 1195 889 1226; x_wconf 83' lang='lat' dir='ltr'><strong>mammalibus</strong></span> <span class='ocrx_word' id='word_1_102' title='bbox 909 1196 1091 1225; x_wconf 85' lang='lat' dir='ltr'><strong>ostendunt.</strong></span> <span class='ocrx_word' id='word_1_103' title='bbox 1135 1196 1242 1236; x_wconf 91' lang='lat' dir='ltr'><strong>thue</strong></span> <span class='ocrx_word' id='word_1_104' title='bbox 1269 1196 1354 1226; x_wconf 89' lang='lat' dir='ltr'><strong>enim</strong></span> <span class='ocrx_word' id='word_1_105' title='bbox 1384 1195 1484 1226; x_wconf 89' lang='lat' dir='ltr'><strong>homo</strong></span> <span class='ocrx_word' id='word_1_106' title='bbox 1511 1205 1578 1226; x_wconf 88' lang='lat' dir='ltr'><strong>non</strong></span> <span class='ocrx_word' id='word_1_107' title='bbox 1600 1199 1769 1236; x_wconf 81' lang='lat' dir='ltr'><strong>tamquam</strong></span> <span class='ocrx_word' id='word_1_108' title='bbox 1792 1197 1843 1229; x_wconf 88' lang='lat' dir='ltr'><strong>in·</strong></span> 
     </span>
     <span class='ocr_line' id='line_1_14' title="bbox 146 1249 1842 1293; baseline 0.001 -11"><span class='ocrx_word' id='word_1_109' title='bbox 146 1254 219 1284; x_wconf 82' lang='lat' dir='ltr'><strong>fans</strong></span> <span class='ocrx_word' id='word_1_110' title='bbox 241 1254 349 1293; x_wconf 85' lang='lat' dir='ltr'><strong>plures</strong></span> <span class='ocrx_word' id='word_1_111' title='bbox 375 1259 476 1279; x_wconf 84' lang='lat' dir='ltr'><strong>annos</strong></span> <span class='ocrx_word' id='word_1_112' title='bbox 498 1253 593 1279; x_wconf 86' lang='lat' dir='ltr'><strong>natus</strong></span> <span class='ocrx_word' id='word_1_113' title='bbox 617 1249 651 1279; x_wconf 91' lang='lat' dir='ltr'><strong>in</strong></span> <span class='ocrx_word' id='word_1_114' title='bbox 670 1250 777 1280; x_wconf 87' lang='lat' dir='ltr'><strong>lucem</strong></span> <span class='ocrx_word' id='word_1_115' title='bbox 797 1250 922 1287; x_wconf 86' lang='lat' dir='ltr'><strong>editur,</strong></span> <span class='ocrx_word' id='word_1_116' title='bbox 947 1250 1003 1280; x_wconf 90' lang='lat' dir='ltr'><strong>sed</strong></span> <span class='ocrx_word' id='word_1_117' title='bbox 1028 1250 1135 1291; x_wconf 87' lang='lat' dir='ltr'><strong>potius</strong></span> <span class='ocrx_word' id='word_1_118' title='bbox 1154 1250 1383 1283; x_wconf 83' lang='lat' dir='ltr'><strong>inobservabili</strong></span> <span class='ocrx_word' id='word_1_119' title='bbox 1404 1251 1504 1282; x_wconf 87' lang='lat' dir='ltr'><strong>modo</strong></span> <span class='ocrx_word' id='word_1_120' title='bbox 1526 1262 1563 1282; x_wconf 85' lang='lat' dir='ltr'><strong>ex</strong></span> <span class='ocrx_word' id='word_1_121' title='bbox 1584 1251 1687 1283; x_wconf 83' lang='lat' dir='ltr'><strong>nihilo</strong></span> <span class='ocrx_word' id='word_1_122' title='bbox 1710 1252 1775 1283; x_wconf 83' lang='lat' dir='ltr'><strong>fere</strong></span> <span class='ocrx_word' id='word_1_123' title='bbox 1798 1252 1842 1283; x_wconf 88' lang='lat' dir='ltr'><strong>ad</strong></span> 
     </span>
     <span class='ocr_line' id='line_1_15' title="bbox 145 1304 1840 1351; baseline 0.001 -12"><span class='ocrx_word' id='word_1_124' title='bbox 145 1307 363 1351; x_wconf 75' lang='lat' dir='ltr'><strong>exsistentiam</strong></span> <span class='ocrx_word' id='word_1_125' title='bbox 392 1304 523 1341; x_wconf 79' lang='lat' dir='ltr'><strong>transit,</strong></span> <span class='ocrx_word' id='word_1_126' title='bbox 560 1304 607 1335; x_wconf 87' lang='lat' dir='ltr'><strong>sic</strong></span> <span class='ocrx_word' id='word_1_127' title='bbox 639 1304 735 1336; x_wconf 85' lang='lat' dir='ltr'><strong>etiam</strong></span> <span class='ocrx_word' id='word_1_128' title='bbox 758 1309 896 1346; x_wconf 84' lang='lat' dir='ltr'><strong>systema</strong></span> <span class='ocrx_word' id='word_1_129' title='bbox 927 1307 1159 1348; x_wconf 66' lang='lat' dir='ltr'><strong>uropoeticum</strong></span> <span class='ocrx_word' id='word_1_130' title='bbox 1186 1308 1220 1339; x_wconf 92' lang='lat' dir='ltr'><strong>in</strong></span> <span class='ocrx_word' id='word_1_131' title='bbox 1253 1319 1353 1350; x_wconf 80' lang='lat' dir='ltr'><strong>regno</strong></span> <span class='ocrx_word' id='word_1_132' title='bbox 1380 1309 1514 1339; x_wconf 86' lang='lat' dir='ltr'><strong>animali</strong></span> <span class='ocrx_word' id='word_1_133' title='bbox 1540 1307 1656 1339; x_wconf 90' lang='lat' dir='ltr'><strong>sensim</strong></span> <span class='ocrx_word' id='word_1_134' title='bbox 1680 1307 1840 1350; x_wconf 83' lang='lat' dir='ltr'><strong>majorem</strong></span> 
     </span>
     <span class='ocr_line' id='line_1_16' title="bbox 143 1359 1750 1407; baseline -0.001 -12"><span class='ocrx_word' id='word_1_135' title='bbox 143 1363 351 1407; x_wconf 83' lang='lat' dir='ltr'><strong>perfectionis</strong></span> <span class='ocrx_word' id='word_1_136' title='bbox 373 1361 512 1403; x_wconf 81' lang='lat' dir='ltr'><strong>gradum</strong></span> <span class='ocrx_word' id='word_1_137' title='bbox 536 1359 714 1402; x_wconf 75' lang='lat' dir='ltr'><strong>attingens,</strong></span> <span class='ocrx_word' id='word_1_138' title='bbox 739 1372 806 1392; x_wconf 87' lang='lat' dir='ltr'><strong>non</strong></span> <span class='ocrx_word' id='word_1_139' title='bbox 829 1371 895 1392; x_wconf 90' lang='lat' dir='ltr'><strong>uno</strong></span> <span class='ocrx_word' id='word_1_140' title='bbox 918 1361 1051 1403; x_wconf 87' lang='lat' dir='ltr'><strong>prodire</strong></span> <span class='ocrx_word' id='word_1_141' title='bbox 1074 1368 1179 1404; x_wconf 87' lang='lat' dir='ltr'><strong>potest</strong></span> <span class='ocrx_word' id='word_1_142' title='bbox 1204 1367 1270 1394; x_wconf 86' lang='lat' dir='ltr'><strong>tam</strong></span> <span class='ocrx_word' id='word_1_143' title='bbox 1292 1375 1446 1406; x_wconf 81' lang='lat' dir='ltr'><strong>magnum</strong></span> <span class='ocrx_word' id='word_1_144' title='bbox 1470 1369 1536 1395; x_wconf 85' lang='lat' dir='ltr'><strong>tam</strong></span> <span class='ocrx_word' id='word_1_145' title='bbox 1559 1364 1750 1406; x_wconf 79' lang='lat' dir='ltr'><strong>perfectum.</strong></span> 
     </span>
    </p>

    <p class='ocr_par' dir='ltr' id='par_1_7' title="bbox 141 1417 1840 1628">
     <span class='ocr_line' id='line_1_17' title="bbox 185 1417 1840 1462; baseline 0.001 -11"><span class='ocrx_word' id='word_1_146' title='bbox 185 1420 259 1450; x_wconf 80' lang='lat' dir='ltr'><strong>Jam</strong></span> <span class='ocrx_word' id='word_1_147' title='bbox 282 1429 359 1451; x_wconf 86' lang='lat' dir='ltr'><strong>vero</strong></span> <span class='ocrx_word' id='word_1_148' title='bbox 378 1417 493 1449; x_wconf 79' lang='lat' dir='ltr'><strong>nostris</strong></span> <span class='ocrx_word' id='word_1_149' title='bbox 517 1417 714 1459; x_wconf 85' lang='lat' dir='ltr'><strong>temporibus</strong></span> <span class='ocrx_word' id='word_1_150' title='bbox 748 1427 843 1448; x_wconf 84' lang='lat' dir='ltr'><strong>nemo</strong></span> <span class='ocrx_word' id='word_1_151' title='bbox 874 1422 919 1447; x_wconf 86' lang='lat' dir='ltr'><strong>est</strong></span> <span class='ocrx_word' id='word_1_152' title='bbox 947 1418 1005 1459; x_wconf 91' lang='lat' dir='ltr'><strong>qui</strong></span> <span class='ocrx_word' id='word_1_153' title='bbox 1032 1418 1159 1451; x_wconf 85' lang='lat' dir='ltr'><strong>dubitet</strong></span> <span class='ocrx_word' id='word_1_154' title='bbox 1196 1419 1238 1451; x_wconf 90' lang='lat' dir='ltr'><strong>de</strong></span> <span class='ocrx_word' id='word_1_155' title='bbox 1272 1419 1370 1462; x_wconf 71' lang='lat' dir='ltr'><strong>liujus</strong></span> <span class='ocrx_word' id='word_1_156' title='bbox 1395 1419 1574 1461; x_wconf 82' lang='lat' dir='ltr'><strong>systematis</strong></span> <span class='ocrx_word' id='word_1_157' title='bbox 1596 1421 1777 1461; x_wconf 78' lang='lat' dir='ltr'><strong>praesentia</strong></span> <span class='ocrx_word' id='word_1_158' title='bbox 1808 1421 1840 1453; x_wconf 88' lang='lat' dir='ltr'><strong>in</strong></span> 
     </span>
     <span class='ocr_line' id='line_1_18' title="bbox 141 1473 1839 1518; baseline 0.002 -13"><span class='ocrx_word' id='word_1_159' title='bbox 141 1474 304 1513; x_wconf 82' lang='lat' dir='ltr'><strong>piscibus,</strong></span> <span class='ocrx_word' id='word_1_160' title='bbox 344 1484 405 1505; x_wconf 88' lang='lat' dir='ltr'><strong>nec</strong></span> <span class='ocrx_word' id='word_1_161' title='bbox 440 1474 540 1505; x_wconf 82' lang='lat' dir='ltr'><strong>etiam</strong></span> <span class='ocrx_word' id='word_1_162' title='bbox 573 1474 608 1504; x_wconf 90' lang='lat' dir='ltr'><strong>in</strong></span> <span class='ocrx_word' id='word_1_163' title='bbox 642 1473 834 1507; x_wconf 80' lang='lat' dir='ltr'><strong>animalibus</strong></span> <span class='ocrx_word' id='word_1_164' title='bbox 869 1484 955 1513; x_wconf 82' lang='lat' dir='ltr'><strong>quae</strong></span> <span class='ocrx_word' id='word_1_165' title='bbox 989 1476 1182 1507; x_wconf 86' lang='lat' dir='ltr'><strong>evolutionis</strong></span> <span class='ocrx_word' id='word_1_166' title='bbox 1204 1477 1362 1507; x_wconf 87' lang='lat' dir='ltr'><strong>minorem</strong></span> <span class='ocrx_word' id='word_1_167' title='bbox 1395 1476 1534 1517; x_wconf 84' lang='lat' dir='ltr'><strong>gradum</strong></span> <span class='ocrx_word' id='word_1_168' title='bbox 1559 1478 1738 1518; x_wconf 80' lang='lat' dir='ltr'><strong>attingant3</strong></span> <span class='ocrx_word' id='word_1_169' title='bbox 1762 1486 1839 1508; x_wconf 88' lang='lat' dir='ltr'><strong>nam</strong></span> 
     </span>
     <span class='ocr_line' id='line_1_19' title="bbox 143 1528 1840 1573; baseline 0.001 -12"><span class='ocrx_word' id='word_1_170' title='bbox 143 1531 241 1561; x_wconf 86' lang='lat' dir='ltr'><strong>etiam</strong></span> <span class='ocrx_word' id='word_1_171' title='bbox 262 1530 295 1560; x_wconf 89' lang='lat' dir='ltr'><strong>in</strong></span> <span class='ocrx_word' id='word_1_172' title='bbox 316 1529 458 1571; x_wconf 85' lang='lat' dir='ltr'><strong>piscibus</strong></span> <span class='ocrx_word' id='word_1_173' title='bbox 479 1528 562 1559; x_wconf 87' lang='lat' dir='ltr'><strong>illud</strong></span> <span class='ocrx_word' id='word_1_174' title='bbox 583 1533 718 1570; x_wconf 80' lang='lat' dir='ltr'><strong>systema</strong></span> <span class='ocrx_word' id='word_1_175' title='bbox 743 1533 809 1560; x_wconf 87' lang='lat' dir='ltr'><strong>tam</strong></span> <span class='ocrx_word' id='word_1_176' title='bbox 829 1529 1010 1571; x_wconf 84' lang='lat' dir='ltr'><strong>perfectum</strong></span> <span class='ocrx_word' id='word_1_177' title='bbox 1032 1532 1194 1568; x_wconf 86' lang='lat' dir='ltr'><strong>cernitur,</strong></span> <span class='ocrx_word' id='word_1_178' title='bbox 1215 1537 1249 1563; x_wconf 89' lang='lat' dir='ltr'><strong>ut</strong></span> <span class='ocrx_word' id='word_1_179' title='bbox 1267 1531 1340 1573; x_wconf 85' lang='lat' dir='ltr'><strong>jam</strong></span> <span class='ocrx_word' id='word_1_180' title='bbox 1362 1533 1396 1563; x_wconf 90' lang='lat' dir='ltr'><strong>in</strong></span> <span class='ocrx_word' id='word_1_181' title='bbox 1417 1532 1624 1565; x_wconf 81' lang='lat' dir='ltr'><strong>inferioribus</strong></span> <span class='ocrx_word' id='word_1_182' title='bbox 1648 1532 1840 1564; x_wconf 80' lang='lat' dir='ltr'><strong>animalibus</strong></span> 
     </span>
     <span class='ocr_line' id='line_1_20' title="bbox 143 1586 702 1628; baseline -0.004 -10"><span class='ocrx_word' id='word_1_183' title='bbox 143 1586 211 1618; x_wconf 87' lang='lat' dir='ltr'><strong>hoc</strong></span> <span class='ocrx_word' id='word_1_184' title='bbox 235 1591 371 1628; x_wconf 80' lang='lat' dir='ltr'><strong>systema</strong></span> <span class='ocrx_word' id='word_1_185' title='bbox 395 1586 477 1616; x_wconf 74' lang='lat' dir='ltr'><strong>adsit</strong></span> <span class='ocrx_word' id='word_1_186' title='bbox 501 1586 540 1616; x_wconf 90' lang='lat' dir='ltr'><strong>sit</strong></span> <span class='ocrx_word' id='word_1_187' title='bbox 562 1595 702 1616; x_wconf 84' lang='lat' dir='ltr'><strong>necesse.</strong></span> 
     </span>
    </p>

    <p class='ocr_par' dir='ltr' id='par_1_8' title="bbox 141 1641 1840 1859">
     <span class='ocr_line' id='line_1_21' title="bbox 186 1641 1840 1688; baseline 0.002 -15"><span class='ocrx_word' id='word_1_188' title='bbox 186 1643 332 1684; x_wconf 87' lang='lat' dir='ltr'><strong>Systema</strong></span> <span class='ocrx_word' id='word_1_189' title='bbox 365 1643 593 1684; x_wconf 69' lang='lat' dir='ltr'><strong>uropoeticum</strong></span> <span class='ocrx_word' id='word_1_190' title='bbox 623 1641 761 1683; x_wconf 89' lang='lat' dir='ltr'><strong>piscium</strong></span> <span class='ocrx_word' id='word_1_191' title='bbox 796 1642 830 1674; x_wconf 85' lang='lat' dir='ltr'><strong>in</strong></span> <span class='ocrx_word' id='word_1_192' title='bbox 859 1642 1040 1675; x_wconf 84' lang='lat' dir='ltr'><strong>universum</strong></span> <span class='ocrx_word' id='word_1_193' title='bbox 1064 1643 1188 1685; x_wconf 85' lang='lat' dir='ltr'><strong>pariter</strong></span> <span class='ocrx_word' id='word_1_194' title='bbox 1211 1654 1250 1675; x_wconf 89' lang='lat' dir='ltr'><strong>ac</strong></span> <span class='ocrx_word' id='word_1_195' title='bbox 1274 1643 1308 1674; x_wconf 90' lang='lat' dir='ltr'><strong>in</strong></span> <span class='ocrx_word' id='word_1_196' title='bbox 1332 1642 1463 1675; x_wconf 87' lang='lat' dir='ltr'><strong>homine</strong></span> <span class='ocrx_word' id='word_1_197' title='bbox 1495 1650 1622 1677; x_wconf 83' lang='lat' dir='ltr'><strong>constat</strong></span> <span class='ocrx_word' id='word_1_198' title='bbox 1644 1656 1683 1677; x_wconf 83' lang='lat' dir='ltr'><strong>ex</strong></span> <span class='ocrx_word' id='word_1_199' title='bbox 1717 1656 1840 1688; x_wconf 81' lang='lat' dir='ltr'><strong>organo</strong></span> 
     </span>
     <span class='ocr_line' id='line_1_22' title="bbox 142 1699 1839 1744; baseline 0.001 -14"><span class='ocrx_word' id='word_1_200' title='bbox 142 1700 268 1730; x_wconf 83' lang='lat' dir='ltr'><strong>urinam</strong></span> <span class='ocrx_word' id='word_1_201' title='bbox 294 1704 502 1736; x_wconf 84' lang='lat' dir='ltr'><strong>secernente,</strong></span> <span class='ocrx_word' id='word_1_202' title='bbox 528 1710 565 1730; x_wconf 80' lang='lat' dir='ltr'><strong>ex</strong></span> <span class='ocrx_word' id='word_1_203' title='bbox 593 1699 657 1730; x_wconf 86' lang='lat' dir='ltr'><strong>alio</strong></span> <span class='ocrx_word' id='word_1_204' title='bbox 682 1699 869 1735; x_wconf 85' lang='lat' dir='ltr'><strong>deferente,</strong></span> <span class='ocrx_word' id='word_1_205' title='bbox 895 1710 933 1730; x_wconf 82' lang='lat' dir='ltr'><strong>ex</strong></span> <span class='ocrx_word' id='word_1_206' title='bbox 958 1700 1052 1730; x_wconf 87' lang='lat' dir='ltr'><strong>tertio</strong></span> <span class='ocrx_word' id='word_1_207' title='bbox 1081 1700 1171 1741; x_wconf 87' lang='lat' dir='ltr'><strong>quod</strong></span> <span class='ocrx_word' id='word_1_208' title='bbox 1196 1711 1269 1731; x_wconf 87' lang='lat' dir='ltr'><strong>eam</strong></span> <span class='ocrx_word' id='word_1_209' title='bbox 1293 1700 1419 1741; x_wconf 83' lang='lat' dir='ltr'><strong>colligit</strong></span> <span class='ocrx_word' id='word_1_210' title='bbox 1441 1706 1472 1731; x_wconf 91' lang='lat' dir='ltr'><strong>et</strong></span> <span class='ocrx_word' id='word_1_211' title='bbox 1495 1702 1637 1743; x_wconf 87' lang='lat' dir='ltr'><strong>denique</strong></span> <span class='ocrx_word' id='word_1_212' title='bbox 1658 1702 1749 1744; x_wconf 90' lang='lat' dir='ltr'><strong>quod</strong></span> <span class='ocrx_word' id='word_1_213' title='bbox 1774 1703 1839 1732; x_wconf 77' lang='lat' dir='ltr'><strong>uri-</strong></span> 
     </span>
     <span class='ocr_line' id='line_1_23' title="bbox 142 1755 1839 1801; baseline 0.001 -14"><span class='ocrx_word' id='word_1_214' title='bbox 142 1767 219 1787; x_wconf 87' lang='lat' dir='ltr'><strong>nam</strong></span> <span class='ocrx_word' id='word_1_215' title='bbox 240 1767 278 1787; x_wconf 85' lang='lat' dir='ltr'><strong>ex</strong></span> <span class='ocrx_word' id='word_1_216' title='bbox 304 1767 444 1801; x_wconf 74' lang='lat' dir='ltr'><strong>corpora</strong></span> <span class='ocrx_word' id='word_1_217' title='bbox 470 1756 556 1788; x_wconf 82' lang='lat' dir='ltr'><strong>foras</strong></span> <span class='ocrx_word' id='word_1_218' title='bbox 578 1755 715 1794; x_wconf 89' lang='lat' dir='ltr'><strong>educit;</strong></span> <span class='ocrx_word' id='word_1_219' title='bbox 739 1755 863 1787; x_wconf 85' lang='lat' dir='ltr'><strong>scilicet</strong></span> <span class='ocrx_word' id='word_1_220' title='bbox 890 1767 907 1787; x_wconf 91' lang='lat' dir='ltr'><strong>e</strong></span> <span class='ocrx_word' id='word_1_221' title='bbox 930 1757 1078 1796; x_wconf 87' lang='lat' dir='ltr'><strong>renibus,</strong></span> <span class='ocrx_word' id='word_1_222' title='bbox 1103 1758 1301 1797; x_wconf 71' lang='lat' dir='ltr'><strong>ureteribus,</strong></span> <span class='ocrx_word' id='word_1_223' title='bbox 1327 1758 1432 1790; x_wconf 62' lang='lat' dir='ltr'><strong>vesica</strong></span> <span class='ocrx_word' id='word_1_224' title='bbox 1460 1763 1490 1790; x_wconf 86' lang='lat' dir='ltr'><strong>et</strong></span> <span class='ocrx_word' id='word_1_225' title='bbox 1522 1759 1672 1796; x_wconf 86' lang='lat' dir='ltr'><strong>urethra,</strong></span> <span class='ocrx_word' id='word_1_226' title='bbox 1700 1769 1839 1800; x_wconf 87' lang='lat' dir='ltr'><strong>quorum</strong></span> 
     </span>
     <span class='ocr_line' id='line_1_24' title="bbox 141 1813 1835 1859; baseline 0.002 -16"><span class='ocrx_word' id='word_1_227' title='bbox 141 1813 238 1844; x_wconf 82' lang='lat' dir='ltr'><strong>trium</strong></span> <span class='ocrx_word' id='word_1_228' title='bbox 259 1823 336 1855; x_wconf 86' lang='lat' dir='ltr'><strong>ergo</strong></span> <span class='ocrx_word' id='word_1_229' title='bbox 364 1814 507 1846; x_wconf 84' lang='lat' dir='ltr'><strong>officium</strong></span> <span class='ocrx_word' id='word_1_230' title='bbox 530 1818 675 1846; x_wconf 87' lang='lat' dir='ltr'><strong>versatur</strong></span> <span class='ocrx_word' id='word_1_231' title='bbox 703 1813 738 1845; x_wconf 91' lang='lat' dir='ltr'><strong>in</strong></span> <span class='ocrx_word' id='word_1_232' title='bbox 763 1813 962 1846; x_wconf 86' lang='lat' dir='ltr'><strong>eliminando</strong></span> <span class='ocrx_word' id='word_1_233' title='bbox 985 1814 1120 1849; x_wconf 85' lang='lat' dir='ltr'><strong>humore</strong></span> <span class='ocrx_word' id='word_1_234' title='bbox 1149 1816 1229 1847; x_wconf 88' lang='lat' dir='ltr'><strong>nulli</strong></span> <span class='ocrx_word' id='word_1_235' title='bbox 1261 1816 1407 1858; x_wconf 87' lang='lat' dir='ltr'><strong>corporis</strong></span> <span class='ocrx_word' id='word_1_236' title='bbox 1429 1816 1592 1849; x_wconf 79' lang='lat' dir='ltr'><strong>functioni</strong></span> <span class='ocrx_word' id='word_1_237' title='bbox 1624 1816 1762 1859; x_wconf 83' lang='lat' dir='ltr'><strong>amplius</strong></span> <span class='ocrx_word' id='word_1_238' title='bbox 1783 1817 1835 1847; x_wconf 90' lang='lat' dir='ltr'><strong>in-</strong></span> 
     </span>
    </p>
   </div>
   <div class='ocr_carea' id='block_1_6' title="bbox 142 1870 309 1902">
    <p class='ocr_par' dir='ltr' id='par_1_9' title="bbox 142 1870 309 1902">
     <span class='ocr_line' id='line_1_25' title="bbox 142 1870 309 1902; baseline 0 -2"><span class='ocrx_word' id='word_1_239' title='bbox 142 1870 309 1902; x_wconf 82' lang='lat' dir='ltr'><strong>serviente.</strong></span> 
     </span>
    </p>
   </div>
   <div class='ocr_carea' id='block_1_7' title="bbox 913 1951 1060 1973">
    <p class='ocr_par' dir='ltr' id='par_1_10' title="bbox 913 1951 1060 1973">
     <span class='ocr_line' id='line_1_26' title="bbox 913 1951 1060 1973; baseline 0.007 -1"><span class='ocrx_word' id='word_1_240' title='bbox 913 1951 1060 1973; x_wconf 75' lang='lat' dir='ltr'><strong>RENES.</strong></span> 
     </span>
    </p>
   </div>
   <div class='ocr_carea' id='block_1_8' title="bbox 138 2052 1834 2271">
    <p class='ocr_par' dir='ltr' id='par_1_11' title="bbox 138 2052 1834 2271">
     <span class='ocr_line' id='line_1_27' title="bbox 181 2052 1832 2103; baseline 0.006 -21"><span class='ocrx_word' id='word_1_241' title='bbox 181 2052 252 2084; x_wconf 87' lang='lat' dir='ltr'><strong>Hoc</strong></span> <span class='ocrx_word' id='word_1_242' title='bbox 275 2062 421 2094; x_wconf 88' lang='lat' dir='ltr'><strong>organon</strong></span> <span class='ocrx_word' id='word_1_243' title='bbox 443 2053 634 2095; x_wconf 88' lang='lat' dir='ltr'><strong>primarium</strong></span> <span class='ocrx_word' id='word_1_244' title='bbox 665 2054 844 2095; x_wconf 86' lang='lat' dir='ltr'><strong>systematis</strong></span> <span class='ocrx_word' id='word_1_245' title='bbox 876 2055 1061 2098; x_wconf 71' lang='lat' dir='ltr'><strong>uropoetici</strong></span> <span class='ocrx_word' id='word_1_246' title='bbox 1092 2056 1127 2088; x_wconf 89' lang='lat' dir='ltr'><strong>in</strong></span> <span class='ocrx_word' id='word_1_247' title='bbox 1155 2057 1298 2099; x_wconf 85' lang='lat' dir='ltr'><strong>piscibus</strong></span> <span class='ocrx_word' id='word_1_248' title='bbox 1329 2057 1450 2100; x_wconf 83' lang='lat' dir='ltr'><strong>duplex</strong></span> <span class='ocrx_word' id='word_1_249' title='bbox 1491 2058 1652 2095; x_wconf 88' lang='lat' dir='ltr'><strong>cernitur,</strong></span> <span class='ocrx_word' id='word_1_250' title='bbox 1688 2061 1832 2103; x_wconf 81' lang='lat' dir='ltr'><strong>exceptis</strong></span> 
     </span>
     <span class='ocr_line' id='line_1_28' title="bbox 138 2109 1832 2157; baseline 0.004 -16"><span class='ocrx_word' id='word_1_251' title='bbox 138 2109 302 2152; x_wconf 61' lang='lat' dir='ltr'><strong>Squales,</strong></span> <span class='ocrx_word' id='word_1_252' title='bbox 327 2111 351 2141; x_wconf 89' lang='lat' dir='ltr'><strong>si</strong></span> <span class='ocrx_word' id='word_1_253' title='bbox 369 2110 485 2142; x_wconf 69' lang='lat' dir='ltr'><strong>Retzz&#39;z&#39;</strong></span> <span class='ocrx_word' id='word_1_254' title='bbox 507 2111 784 2144; x_wconf 87' lang='lat' dir='ltr'><strong>observationibus</strong></span> <span class='ocrx_word' id='word_1_255' title='bbox 806 2111 885 2144; x_wconf 88' lang='lat' dir='ltr'><strong>fides</strong></span> <span class='ocrx_word' id='word_1_256' title='bbox 905 2113 1060 2146; x_wconf 84' lang='lat' dir='ltr'><strong>habenda</strong></span> <span class='ocrx_word' id='word_1_257' title='bbox 1081 2118 1138 2145; x_wconf 81' lang='lat' dir='ltr'><strong>est.</strong></span> <span class='ocrx_word' id='word_1_258' title='bbox 1183 2114 1223 2146; x_wconf 89' lang='lat' dir='ltr'><strong>In</strong></span> <span class='ocrx_word' id='word_1_259' title='bbox 1245 2119 1386 2157; x_wconf 86' lang='lat' dir='ltr'><strong>utroque</strong></span> <span class='ocrx_word' id='word_1_260' title='bbox 1413 2116 1513 2147; x_wconf 82' lang='lat' dir='ltr'><strong>latere</strong></span> <span class='ocrx_word' id='word_1_261' title='bbox 1536 2116 1709 2147; x_wconf 85' lang='lat' dir='ltr'><strong>columnae</strong></span> <span class='ocrx_word' id='word_1_262' title='bbox 1728 2122 1832 2149; x_wconf 86' lang='lat' dir='ltr'><strong>verte-</strong></span> 
     </span>
     <span class='ocr_line' id='line_1_29' title="bbox 139 2166 1833 2214; baseline 0.006 -17"><span class='ocrx_word' id='word_1_263' title='bbox 139 2166 239 2198; x_wconf 88' lang='lat' dir='ltr'><strong>bralis</strong></span> <span class='ocrx_word' id='word_1_264' title='bbox 266 2167 466 2199; x_wconf 85' lang='lat' dir='ltr'><strong>collocatum</strong></span> <span class='ocrx_word' id='word_1_265' title='bbox 492 2173 537 2199; x_wconf 85' lang='lat' dir='ltr'><strong>est</strong></span> <span class='ocrx_word' id='word_1_266' title='bbox 561 2179 658 2210; x_wconf 87' lang='lat' dir='ltr'><strong>supra</strong></span> <span class='ocrx_word' id='word_1_267' title='bbox 690 2169 740 2201; x_wconf 90' lang='lat' dir='ltr'><strong>vel</strong></span> <span class='ocrx_word' id='word_1_268' title='bbox 770 2168 866 2211; x_wconf 82' lang='lat' dir='ltr'><strong>juxta</strong></span> <span class='ocrx_word' id='word_1_269' title='bbox 893 2177 1001 2213; x_wconf 85' lang='lat' dir='ltr'><strong>partes</strong></span> <span class='ocrx_word' id='word_1_270' title='bbox 1027 2171 1202 2214; x_wconf 85' lang='lat' dir='ltr'><strong>genitales;</strong></span> <span class='ocrx_word' id='word_1_271' title='bbox 1236 2183 1343 2214; x_wconf 89' lang='lat' dir='ltr'><strong>neque</strong></span> <span class='ocrx_word' id='word_1_272' title='bbox 1379 2173 1426 2205; x_wconf 85' lang='lat' dir='ltr'><strong>uti</strong></span> <span class='ocrx_word' id='word_1_273' title='bbox 1457 2173 1492 2204; x_wconf 84' lang='lat' dir='ltr'><strong>in</strong></span> <span class='ocrx_word' id='word_1_274' title='bbox 1520 2172 1746 2204; x_wconf 80' lang='lat' dir='ltr'><strong>mammalibus</strong></span> <span class='ocrx_word' id='word_1_275' title='bbox 1775 2184 1833 2208; x_wconf 81' lang='lat' dir='ltr'><strong>ren</strong></span> 
     </span>
     <span class='ocr_line' id='line_1_30' title="bbox 142 2225 1834 2271; baseline 0.004 -15"><span class='ocrx_word' id='word_1_276' title='bbox 142 2226 252 2257; x_wconf 77' lang='lat' dir='ltr'><strong>dexter</strong></span> <span class='ocrx_word' id='word_1_277' title='bbox 274 2231 305 2257; x_wconf 86' lang='lat' dir='ltr'><strong>et</strong></span> <span class='ocrx_word' id='word_1_278' title='bbox 331 2225 456 2257; x_wconf 86' lang='lat' dir='ltr'><strong>sinister</strong></span> <span class='ocrx_word' id='word_1_279' title='bbox 483 2236 608 2268; x_wconf 86' lang='lat' dir='ltr'><strong>semper</strong></span> <span class='ocrx_word' id='word_1_280' title='bbox 628 2227 760 2258; x_wconf 88' lang='lat' dir='ltr'><strong>omnino</strong></span> <span class='ocrx_word' id='word_1_281' title='bbox 783 2238 802 2259; x_wconf 86' lang='lat' dir='ltr'><strong>a</strong></span> <span class='ocrx_word' id='word_1_282' title='bbox 825 2239 858 2259; x_wconf 89' lang='lat' dir='ltr'><strong>se</strong></span> <span class='ocrx_word' id='word_1_283' title='bbox 879 2229 1019 2262; x_wconf 90' lang='lat' dir='ltr'><strong>invicem</strong></span> <span class='ocrx_word' id='word_1_284' title='bbox 1039 2229 1181 2271; x_wconf 82' lang='lat' dir='ltr'><strong>separati</strong></span> <span class='ocrx_word' id='word_1_285' title='bbox 1212 2229 1428 2262; x_wconf 88' lang='lat' dir='ltr'><strong>inveniuntur.</strong></span> <span class='ocrx_word' id='word_1_286' title='bbox 1475 2229 1558 2262; x_wconf 83' lang='lat' dir='ltr'><strong>Nam</strong></span> <span class='ocrx_word' id='word_1_287' title='bbox 1579 2230 1656 2261; x_wconf 88' lang='lat' dir='ltr'><strong>licet</strong></span> <span class='ocrx_word' id='word_1_288' title='bbox 1680 2240 1772 2261; x_wconf 87' lang='lat' dir='ltr'><strong>renes</strong></span> <span class='ocrx_word' id='word_1_289' title='bbox 1798 2231 1834 2264; x_wconf 78' lang='lat' dir='ltr'><strong>in</strong></span> 
     </span>
    </p>
   </div>
   <div class='ocr_carea' id='block_1_9' title="bbox 137 2281 1833 2375">
    <p class='ocr_par' dir='ltr' id='par_1_12' title="bbox 137 2281 1833 2375">
     <span class='ocr_line' id='line_1_31' title="bbox 137 2281 1832 2329; baseline 0.002 -14"><span class='ocrx_word' id='word_1_290' title='bbox 137 2283 241 2325; x_wconf 66' lang='lat' dir='ltr'><strong>Rajc&#39;s</strong></span> <span class='ocrx_word' id='word_1_291' title='bbox 265 2281 401 2325; x_wconf 90' lang='lat' dir='ltr'><strong>quidem</strong></span> <span class='ocrx_word' id='word_1_292' title='bbox 419 2283 453 2316; x_wconf 87' lang='lat' dir='ltr'><strong>in</strong></span> <span class='ocrx_word' id='word_1_293' title='bbox 474 2284 732 2326; x_wconf 84' lang='lat' dir='ltr'><strong>utroque-latere</strong></span> <span class='ocrx_word' id='word_1_294' title='bbox 754 2285 864 2328; x_wconf 79' lang='lat' dir='ltr'><strong>spinae</strong></span> <span class='ocrx_word' id='word_1_295' title='bbox 888 2287 949 2319; x_wconf 89' lang='lat' dir='ltr'><strong>sint</strong></span> <span class='ocrx_word' id='word_1_296' title='bbox 971 2286 1142 2324; x_wconf 84' lang='lat' dir='ltr'><strong>collocati,</strong></span> <span class='ocrx_word' id='word_1_297' title='bbox 1168 2290 1204 2318; x_wconf 88' lang='lat' dir='ltr'><strong>ut</strong></span> <span class='ocrx_word' id='word_1_298' title='bbox 1227 2286 1316 2319; x_wconf 87' lang='lat' dir='ltr'><strong>nulla</strong></span> <span class='ocrx_word' id='word_1_299' title='bbox 1336 2287 1479 2325; x_wconf 76' lang='lat' dir='ltr'><strong>ratione,</strong></span> <span class='ocrx_word' id='word_1_300' title='bbox 1503 2286 1564 2319; x_wconf 82' lang='lat' dir='ltr'><strong>nisi</strong></span> <span class='ocrx_word' id='word_1_301' title='bbox 1584 2284 1753 2319; x_wconf 85' lang='lat' dir='ltr'><strong>mediatim</strong></span> <span class='ocrx_word' id='word_1_302' title='bbox 1772 2297 1832 2329; x_wconf 87' lang='lat' dir='ltr'><strong>per</strong></span> 
     </span>
     <span class='ocr_line' id='line_1_32' title="bbox 1774 2354 1833 2375; baseline 0 0"><span class='ocrx_word' id='word_1_303' title='bbox 1774 2354 1833 2375; x_wconf 83' lang='lat' dir='ltr'><strong>va—</strong></span> 
     </span>
    </p>
   </div>
  </div>
 </body>
</html>
