2278 2880
436 199 477 233 16
851 199 889 233 A.
925 180 1027 233 Jjn.
1061 195 1359 231 sTEENsrRA
1392 190 1699 235 TonssAmr,

437 295 517 326 sacti
543 303 561 324 a
588 288 716 324 renibus
735 290 866 323 demum
888 291 1056 323 recedunt.
1083 310 1124 315 —
1146 292 1216 323 Hoc
1245 302 1320 323 mox
1350 291 1514 333 descripto
1537 290 1637 322 modo
1660 295 1800 323 ureteres
1827 290 1979 323 formatos
2002 291 2066 324 vidi
2086 292 2120 324 in

442 350 561 393 Trc'gla
584 349 779 381 He'rundine
808 360 948 391 quorum
971 349 1144 380 delineatio
1175 349 1302 380 Tabula
1324 350 1350 381 Ι.
1374 349 1507 390 ngurcz
1523 348 1556 381 5.
1582 359 1599 379 a
1620 349 1796 390 reperitur;
1823 350 1918 380 etiam
1941 350 1973 380 in
1996 350 2122 391 Cypri-

438 419 482 438 νο
514 412 654 438 ureteres
689 411 773 438 totos
802 416 894 438 renes
927 410 1119 448 percurrunt
1153 406 1297 445 (Tabula
1319 406 1361 436 ΙΙ,
1394 405 1461 447 Fig.
1484 405 1553 447 3).
1607 404 1801 436 Exocoetzcs
1829 415 1926 446 porro
1958 406 2121 444 evolans,

436 466 665 506 I'elromyzon
692 464 886 506 flzcva'oclc'lc's
928 463 1048 495 Cottas
1077 461 1240 504 Scorpio,
1266 462 1379 494 Perea
1396 461 1611 503 fluviatili-9,
1648 463 1746 494 Esox
1774 466 1805 494 et
1829 462 1883 493 alii
1902 466 2041 493 ureteres
2068 472 2125 494 ea-

439 523 513 554 dem
534 521 659 553 ratione
683 521 837 552 formatos
861 519 982 551 habent
1010 530 1049 550 ac
1071 519 1250 561 dispositos.

483 580 518 611 ln
536 580 604 612 aliis
625 579 766 624 piscibus
789 580 823 610 in
843 577 962 620 quibus
992 581 1129 608 ureteres
1160 587 1225 607 non
1254 585 1356 617 usque
1390 574 1431 606 ad
1458 575 1650 605 anteriorem
1677 585 1789 606 renum
1816 579 1941 616 partem
1973 576 2123 617 prosequi

438 648 627 678 possumus,
652 637 712 680 ipsi
730 636 828 667 etiam
861 635 925 665 alio
960 634 1058 664 modo
1086 634 1334 664 constituuntur.
1381 632 1505 662 Etenim
1532 631 1565 663 in
1593 632 1654 662 illis
1685 632 1801 663 ductus
1825 631 1947 662 minimi
1982 631 2122 662 urinit'eri

439 695 480 724 ab
497 695 585 726 omni
604 700 695 736 parte
721 694 754 725 in
770 692 980 734 posteriorem
1000 690 1099 721 finem
1121 701 1231 721 renum
1255 688 1450 721 conveniunt
1468 692 1499 718 et
1524 693 1590 718 rete
1619 689 1710 729 quasi
1736 688 1876 720 formant
1897 699 1934 719 ex
1956 699 2023 730 quo
2045 699 2122 720 ure-

435 755 515 781 tores
536 751 729 792 proveniunt
752 750 859 780 statim
880 753 928 779 sat
946 748 1043 789 ampli
1065 753 1095 779 et
1117 757 1267 790 capaces,
1295 745 1425 788 (Genus
1449 744 1588 781 Gaclzcs,
1614 744 1899 785 Plem-onectes.)

478 806 623 838 Ureteres
643 808 666 838 si
690 818 708 838 a
727 806 856 838 renibus
877 805 1061 841 decedunt,
1088 805 1184 846 vulgo
1205 803 1262 835 sibi
1287 802 1423 844 appositi
1446 801 1648 833 descendunt
1670 806 1704 832 ut
1726 802 1760 833 in
1783 801 1899 838 Gade,
1934 800 2062 832 Tabula
2082 802 2125 833 Π.

437 863 511 903 Γεζςν.
532 863 599 899 2α,
621 863 684 899 21),
707 862 770 904 2f,
802 854 851 893 vel
877 862 1018 903 separati
1049 872 1150 902 usque
1174 861 1217 892 ad
1252 870 1363 891 eorum
1398 857 1665 901 conjunctionem
1693 858 1784 898 quod
1816 857 1940 889 obtinet
1968 857 2124 899 imprimis

436 922 467 951 in
489 921 545 957 iis,
570 921 627 962 qui
651 921 755 952 vesica
778 924 850 950 sunt
870 917 1013 949 destituti
1033 929 1062 950 v.
1087 929 1118 949 c.
1143 919 1175 948 in
1206 918 1470 957 Petromyzonte
1489 913 1669 955 fluviatili
1690 918 1722 945 et
1756 914 1870 946 Oobm·
1888 912 2027 954 fossili.
2065 914 2129 946 Ta-

437 977 516 1007 bula
535 977 559 1007 1.
585 978 662 1018 Fig.
686 988 715 1008 c.
737 976 771 1007 d.
816 975 855 1006 In
878 976 1059 1007 universum
1085 984 1259 1016 perunum
1280 973 1397 1003 ostium
1418 981 1590 1002 commune
1621 973 1761 1001 uretercs
1788 970 1916 1001 urinam
1946 971 1994 1002 vel
2019 971 2052 1002 in
2077 982 2130 1003 ve·

436 1035 537 1064 sicam
558 1033 606 1064 vel
621 1033 708 1064 foras
731 1033 901 1068 emittunt,
929 1042 946 1061 a
968 1042 1034 1072 qua
1052 1031 1163 1072 regula
1187 1031 1318 1061 unicam
1337 1033 1464 1059 tantum
1485 1028 1548 1070 legi
1572 1029 1817 1070 exceptionem,
1841 1037 1957 1068 nempe
1979 1027 2014 1057 in
2037 1026 2129 1058 Gas-

438 1094 586 1121 lerosleo
612 1089 769 1121 aculeato
794 1093 825 1119 et
847 1087 1041 1129 Spinaclez'a
1061 1098 1199 1129 quorum
1221 1086 1365 1127 quinque
1389 1086 1432 1116 ad
1463 1096 1516 1115 sex
1546 1089 1686 1115 ureteres
1713 1085 1747 1115 in
1774 1093 1907 1126 quoque
1934 1083 2035 1115 latere
2068 1094 2127 1125 per

437 1151 584 1187 separata
621 1146 702 1176 ostia
734 1144 861 1174 urinam
889 1143 922 1173 in
956 1144 1094 1174 vesicam
1123 1143 1301 1174 deducunt.
1332 1139 1460 1171 Tabala
1477 1139 1522 1170 II.
1552 1139 1630 1180 Ft'g.
1650 1140 1701 1170 22.
1727 1139 1811 1181 (No.
1838 1137 1931 1179 17.).
1979 1139 2130 1173 Eandem

438 1211 514 1231 vero
536 1200 779 1242 dispositionem
801 1199 868 1240 ipse
896 1197 1058 1229 observari
1081 1198 1114 1228 in
1133 1197 1228 1237 Raja
1253 1196 1402 1226 clavata.
1452 1194 1580 1226 Tabala
1601 1194 1644 1225 ΙΙ.
1678 1194 1757 1234 Γιζξζ
1774 1193 1807 1226 5.
1852 1193 1964 1226 Ureter
1984 1196 2068 1227 enim
2089 1207 2129 1228 ex

439 1257 599 1287 anteriore
618 1260 712 1297 parte
731 1265 843 1285 renum
871 1253 997 1284 urinam
1026 1253 1168 1289 ducens,
1193 1261 1260 1282 non
1289 1260 1347 1292 per
1368 1249 1456 1280 idem
1481 1247 1597 1279 ostium
1622 1256 1662 1277 ac
1686 1246 1805 1277 caeteri
1836 1251 1976 1280 ureteres
1991 1253 2131 1284 vesicam

439 1315 560 1351 intrat3
583 1313 630 1343 ita
654 1316 689 1342 ut
711 1311 743 1341 in
764 1320 897 1351 quoque
916 1310 1016 1340 latere
1041 1309 1108 1340 duo
1131 1307 1272 1339 adsint.vr

481 1368 626 1399 Ureteres
646 1367 671 1397 si
690 1368 814 1397 nullum
834 1366 925 1397 adest
955 1362 1160 1396 obstaculum
1187 1366 1278 1393 recta
1303 1361 1389 1392 linea
1417 1370 1439 1391 a
1464 1357 1593 1389 renibus
1622 1357 1666 1388 ad
1698 1360 1837 1392 vesicam
1864 1361 2060 1403 decurrunt,
2086 1365 2133 1396 uti

437 1426 471 1455 in
491 1423 620 1459 Perea,
647 1424 804 1464 Cyprz‘no
824 1427 855 1453 et
882 1421 961 1452 aliis,
1006 1420 1044 1451 In
1065 1420 1102 1450 iis
1122 1429 1196 1451 vero
1217 1419 1360 1460 piscibus
1380 1418 1413 1448 in
1432 1418 1549 1458 quibus
1573 1416 1678 1449 vesica
1704 1416 1866 1448 natatoria
1901 1418 2133 1460 impedimento

438 1486 505 1518 est,
531 1485 669 1511 ureteres
691 1480 740 1511 vel
760 1479 848 1510 circa
870 1478 969 1509 finem
991 1476 1201 1519 posteriorem
1222 1475 1360 1506 liberum
1381 1475 1567 1506 vesicaese
1589 1473 1745 1510 flectunt,
1770 1474 1820 1504 vel
1847 1473 1872 1504 si
1894 1473 1975 1507 haec
1997 1487 2036 1508 eo
2056 1477 2133 1509 loco

437 1538 533 1568 nimis
553 1541 641 1569 arcte
667 1536 822 1567 adhaeret
840 1535 988 1577 partibus
1011 1532 1255 1568 ambeumibus,
1279 1533 1364 1563 inter
1397 1531 1535 1562 vesicam
1563 1535 1595 1561 et
1623 1530 1849 1572 peritonaeum
1869 1531 2069 1563 descendunt
2090 1534 2134 1566 ad

439 1593 577 1633 parietes
598 1589 794 1622 abdominis.
839 1590 959 1619 Rarius
987 1594 1126 1619 ureteres
1152 1588 1292 1618 vesicam
1321 1588 1520 1618 natatoriam
1544 1586 1710 1628 perforant
1745 1587 1793 1617 uti
1821 1587 1856 1619 in
1889 1587 1986 1619 Gado
2012 1587 2135 1620 Polla-

441 1649 517 1680 clu-'o
542 1647 626 1688 (No.
648 1647 688 1679 17
708 1647 734 1689 ).

485 1704 600 1735 Fibrae
636 1704 887 1746 longitudinales
918 1704 954 1735 in
982 1700 1144 1743 majorum
1171 1699 1309 1742 piscium
1340 1700 1518 1732 ureteribus
1550 1699 1646 1731 facile
1684 1699 1929 1740 conspiciuntur
1964 1700 2134 1742 (ibidem)

440 1767 471 1793 et
496 1771 534 1792 ex
563 1760 714 1802 analogia
741 1759 966 1791 concludimus
994 1760 1090 1790 ctiam
1114 1758 1221 1788 adesse
1250 1758 1284 1788 in
1309 1756 1489 1788 minoribus
1519 1757 1595 1789 licet
1625 1756 1666 1787 ob
1698 1757 1911 1788 subtilitatem
1942 1758 2039 1789 oculo
2072 1768 2136 1789 sese

440 1828 508 1848 non
533 1815 683 1848 offerunt.
728 1816 861 1847 Interim
880 1821 1020 1847 ureteras
1053 1814 1329 1854 Petromyzonlc's
1362 1811 1548 1850 flurc'atdis
1581 1811 1670 1842 fibris
1700 1813 1823 1844 carneis
1859 1823 1969 1845 carere
2004 1819 2136 1846 testatur

441 1872 577 1905 Rathlce
601 1872 680 1911 (No.
699 1873 752 1902 23.
778 1883 855 1913 pag.
877 1872 929 1903 53*
945 1872 970 1914 ).

483 1928 657 1970 capacitas
679 1927 710 1959 et
734 1928 904 1970 longitudo
924 1927 1009 1968 {ejus
1035 1926 1135 1969 partis
1172 1930 1352 1962 ureterum,
1387 1934 1472 1965 quae
1508 1929 1596 1956 extra
1627 1934 1719 1955 renes
1747 1924 1830 1956 inter
1859 1935 1913 1956 eos
1939 1930 1970 1957 et
1995 1927 2135 1958 vesicam

441 1986 545 2028 posita
578 1990 644 2021 est,
679 1985 782 2016 variat
811 1995 871 2026 pro
904 1994 1020 2026 genere
1039 1988 1075 2014 vet
1099 1981 1320 2023 magnitudine
1345 1982 1501 2023 piscium,
1527 1983 1594 2013 sine
1619 1982 1683 2012 ulla
1704 1981 1914 2023 proportione
1946 1983 1988 2013 ad
2010 1984 2137 2025 magni-

440 2042 585 2073 tudinem
609 2052 722 2072 renum
741 2041 791 2073 vel
822 2040 972 2080 vesicae,
996 2040 1051 2071 'sic
1092 2038 1211 2070 Gadas-
1246 2038 1425 2070 Callarc'as
1455 2045 1517 2070 tres
1547 2038 1647 2080 pedes
1675 2038 1789 2078 longus
1823 2038 1961 2070 vesicam
1994 2039 2135 2072 habebat

440 2104 583 2141 quatuor
604 2098 763 2140 pollicum
788 2102 820 2128 et
846 2097 994 2135 dimidii3
1020 2097 1101 2127 alter
1126 2093 1301 2126 canarias
1321 2096 1474 2128 undecim
1513 2095 1648 2137 pollices
1675 2099 1705 2124 et
1735 2093 1905 2126 dimidium
1935 2097 2060 2139 longus
2077 2107 2133 2129 ve-

440 2157 507 2187 sica
527 2155 654 2197 pollicis
673 2154 766 2185 unius
785 2159 816 2185 et
837 2154 965 2185 dimidii
985 2158 1052 2184 erat
1077 2154 1260 2184 instructus.
1308 2152 1452 2184 Ureteres
1480 2154 1514 2184 in
1543 2153 1604 2184 hac
1628 2151 1841 2193 proportione
1869 2149 2015 2192 ejusdem
2043 2156 2134 2182 erant

441 2212 644 2254 capacitatis.
688 2211 727 2242 In
747 2212 930 2243 universum
950 2220 1049 2253 genus
1077 2209 1196 2240 Gadas
1225 2210 1340 2251 longos
1363 2215 1393 2241 et
1423 2221 1562 2252 capaces
1593 2208 1690 2241 habet
1722 2212 1882 2247 ureteres;
1917 2207 2029 2238 breves
2059 2218 2136 2239 vero

441 2273 514 2301 sunt
534 2270 568 2299 in
595 2267 713 2311 Trigla
737 2272 769 2299 et
792 2268 975 2310 Cyprium
999 2267 1049 2300 vix
1070 2266 1119 2298 vel
1140 2277 1207 2297 non
1228 2267 1389 2298 observari
1413 2271 1543 2308 possunt
1562 2266 1596 2297 in
1617 2265 1744 2302 Esone,
1770 2264 1863 2307 cujus
1894 2275 1985 2295 renes
2009 2265 2133 2296 urinam

439 2336 497 2370 per
519 2325 665 2357 fissuram
684 2325 898 2364 immediatim
917 2325 956 2358 in.-
973 2324 1114 2358 vesicam
1136 2322 1327 2362 effundunt,
1352 2323 1444 2367 quod
1461 2323 1559 2355 etiam
1573 2321 1646 2366 jam
1666 2322 1723 2363 alii
1742 2322 1951 2363 observarunt
1972 2322 2006 2353 in
2022 2321 2137 2353 eodem

2071 2377 2138 2420 pis·
