2278 2880
412 179 703 221 REsrowsm
733 178 1181 224 isQUAEsrioNEM
1214 175 1563 220 zootoatcAn.
1784 187 1819 217 21

870 328 1097 350 unETuRA·

148 474 153 479 ³
191 436 328 469 Urethra
347 434 460 466 ultima
482 432 662 476 systematis
682 433 863 473 uropoetici
884 443 959 474 pars
979 437 1025 464 est
1055 431 1174 465 ductus
1199 432 1250 465 vel
1274 435 1398 464 meatus
1429 435 1580 475 angustus
1605 443 1622 464 a
1642 431 1748 465 vesica
1770 442 1824 463 οι·-

150 499 218 530 tus,
243 504 300 535 per
321 501 417 533 quem
435 490 527 521 urina
545 489 630 520 foras
649 489 826 530 expellitur.
872 490 955 520 Finis
982 494 1128 520 externus
1149 489 1183 520 in
1206 494 1314 521 cutem
1339 489 1464 521 transit.
1509 489 1602 520 Nulla
1630 490 1734 521 vesica
1758 490 1826 520 uri-

150 534 227 592 nam
247 547 459 596 immediatim
477 546 562 576 foras
587 545 750 576 eliminare
768 548 890 586 potest,
916 544 971 575 sed
997 555 1121 585 semper
1141 545 1250 576 adesse
1278 545 1376 576 debet
1405 546 1648 577 instrumentum
1666 546 1715 577 vel
1734 556 1829 587 orga-

149 616 217 639 non
239 587 419 658 quoddam
446 601 573 634 urinam
599 601 738 640 ducens;
774 599 894 641 idque,
927 601 1016 632 nulla
1046 600 1169 632 ratione
1199 600 1323 632 formae
1353 600 1489 641 habita,
1523 600 1688 632 urethram
1715 601 1828 642 appel-

150 647 220 693 lare
241 661 345 694 lice-t

154 705 160 715 '
194 716 234 747 In
247 714 391 757 plurimis
413 712 554 755 piscibus
572 716 719 744 externus
741 710 890 742 urethrae
912 712 1085 754 adspectus
1115 713 1160 744 nil
1182 711 1242 744 nisi
1270 721 1407 754 parvam
1433 710 1524 743 offert
1540 711 1656 743 fossam
1669 735 1677 750 ,
1702 723 1741 744 ex
1762 722 1830 754 qua

151 772 264 816 pressis
282 770 430 812 partibus
449 770 562 801 vicinis
580 770 704 811 papilla
725 768 885 809 prominet
918 779 1017 810 parva
1049 771 1131 801 ostio
1163 770 1297 801 minimo
1330 769 1498 800 instructa.
1543 768 1606 800 Aer
1629 770 1654 800 si
1685 780 1743 811 per
1768 769 1832 800 hoc

151 829 269 874 ostium
286 825 436 861 inflatur,
459 825 565 856 vesica
586 829 617 855 et
638 828 777 855 ureteres
804 823 1030 855 extenduntur.
1075 825 1164 857 Haec
1187 824 1385 857 constructio
1409 824 1437 854 si-
1460 823 1569 855 locum
1590 824 1708 862 habet,
1733 824 1829 865 vulgo

150 875 267 912 duetus
288 884 494 911 excernentes
512 880 557 910 ita
578 884 649 911 sunt
669 880 823 911 collocati
846 884 881 910 ut
901 882 1060 912 anteriora
1075 891 1181 913 versus
1208 883 1313 923 primo
1335 882 1554 924 conspiciatur
1575 889 1672 916 anus,
1698 879 1752 911 cui
1771 879 1833 910 im-

151 937 318 969 mediatim
337 935 471 977 adjacet
493 935 609 966 ostium
636 937 795 968 ductuum
827 938 1010 969 ovariorum
1041 937 1090 967 vel
1122 937 1340 976 semina-lium3
1363 938 1475 979 itaque
1506 941 1542 968 ut
1574 935 1715 977 denique
1742 946 1836 977 repe-

149 976 251 1038 riatur
274 992 426 1028 ureffira,
451 1002 508 1033 per
529 996 652 1034 septum
674 994 843 1034 quoddam
864 994 1014 1024 distincte
1041 997 1190 1033 separata
1209 1003 1228 1023 a
1247 993 1419 1033 prioribus.
1464 993 1503 1024 Id
1525 993 1572 1023 ita
1594 991 1781 1023 observatur
1801 992 1836 1023 in

154 1034 274 1092 Τνιζξῖα
306 1048 520 1086 Herundme
559 1049 658 1081 Cotto
678 1050 842 1092 Scorpcsto
876 1053 908 1080 et
942 1047 1175 1089 Cataplzracto
1196 1051 1228 1078 et
1245 1048 1353 1078 multis
1377 1047 1447 1079 aliis
1468 1046 1551 1089 (ΝΟ.
1571 1047 1622 1079 17.
1631 1046 1657 1088 ).

193 1106 232 1136 In
253 1106 357 1146 Rajz's
383 1105 528 1136 urethra
536 1106 602 1136 hiat
619 1107 703 1137 inter
732 1107 813 1136 ostia
838 1105 1019 1136 ovariorum
1051 1104 1100 1135 vel
1132 1103 1332 1134 seminalium
1363 1103 1521 1135 ductuum
1551 1103 1585 1136 in
1617 1104 1753 1141 cloaca,
1777 1104 1833 1136 ubi

150 1155 247 1192 etiam
268 1161 385 1191 ostium
407 1161 549 1191 intestini
571 1161 651 1191 recti
676 1161 846 1202 reperitur.
872 1148 1001 1191 Tabu'la
1022 1159 1048 1188 Ι.
1073 1159 1148 1199 ch.
1171 1159 1185 1188 l
1208 1163 1239 1188 et
1262 1158 1294 1189 2.

192 1216 311 1246 Rarius
328 1217 412 1244 haec
429 1217 553 1255 papilla
579 1216 747 1244 urethralis
769 1225 807 1245 ex
828 1225 891 1246 ano
917 1213 1101 1256 prominet3
1135 1218 1208 1245 sunt
1233 1218 1340 1245 autem
1367 1213 1515 1247 nonnulli
1546 1225 1684 1256 quorum
1712 1217 1834 1258 papilla

149 1270 354 1313 longitudine
372 1270 600 1301 nonnullarum
620 1270 777 1302 linearum
797 1272 842 1301 ita
871 1270 1070 1313 propendet,
1096 1273 1130 1300 ut
1153 1270 1249 1300 etiam
1267 1280 1329 1312 pro
1347 1280 1470 1312 organo
1491 1271 1535 1302 ad
1557 1275 1694 1312 systema
1721 1282 1834 1303 sexun-

149 1329 182 1360 le
214 1327 393 1371 pertinente
432 1337 451 1357 a
478 1326 641 1357 nonnullis
676 1326 860 1358 haberetur.
906 1328 959 1359 Sic
997 1327 1124 1358 Cuvz'er
1151 1327 1232 1358 dicit
1262 1327 1304 1359 de
1330 1327 1477 1359 Blennz'o
1512 1328 1593 1369 (N3.
1619 1329 1672 1359 26.
1707 1334 1784 1359 tom.
1800 1330 1832 1360 2.

150 1395 228 1427 pag.
245 1382 370 1425 236.):
414 1395 433 1417 (ς
451 1382 609 1413 Plusieurs
633 1387 704 1414 sont
740 1383 912 1425 vivipares‚
938 1388 968 1414 et
990 1383 1028 1414 ils
1051 1388 1109 1415 ont
1128 1388 1199 1415 tous
1230 1388 1262 1415 et
1292 1384 1373 1415 dans
1401 1385 1447 1416 les
1477 1384 1562 1416 deux
1590 1395 1677 1416 sexes
1697 1385 1770 1427 pres
1794 1386 1835 1418 de

150 1441 256 1473 l'anus
285 1450 329 1471 un
354 1439 523 1471 tubercule
553 1440 610 1481 qui
643 1440 750 1481 paroit
785 1441 854 1472 leur
886 1441 984 1473 servir
1016 1452 1100 1482 pour
1135 1440 1454 1483 l’aecouplement.”
1496 1441 1537 1473 Et
1570 1442 1667 1473 etiam
1693 1442 1838 1473 Nz'lsson,

155 1497 234 1540 (No.
256 1496 310 1527 29.
333 1506 410 1538 pag.
433 1496 508 1535 91.)
531 1496 611 1526 dicit
633 1496 674 1527 de
703 1496 918 1537 Calli'onymo
933 1510 942 1527 z
976 1510 992 1529 «
1012 1498 1240 1539 Monoganiam
1260 1503 1292 1529 et
1317 1498 1513 1540 Cyclopterz'
1527 1520 1536 1534 .
1564 1496 1666 1528 Gobz'z'
1682 1503 1713 1529 et
1737 1500 1837 1530 ceteri

155 1552 318 1585 celebrare
341 1552 513 1588 videntur,
549 1551 731 1593 appendice
767 1553 852 1583 enim
886 1563 1021 1584 carnosa
1050 1554 1165 1584 conica
1190 1553 1286 1595 juxta
1318 1564 1415 1585 anum
1443 1554 1589 1585 instructi
1623 1560 1713 1593 sunt,
1746 1556 1840 1598 cujus
1882 1551 1887 1555 ’

155 1609 306 1650 analogia
339 1620 415 1640 cum
449 1619 531 1650 pene
560 1609 780 1639 mammalium
805 1610 838 1639 in
867 1608 1060 1650 Cycloptero
1091 1610 1277 1651 praesertim
1307 1609 1460 1640 cernitur.
1473 1609 1493 1624 ’'
1516 1625 1561 1631 —
1582 1609 1687 1641 Etiam
1705 1610 1841 1643 Rathke

153 1666 196 1698 de
227 1665 295 1697 hac
327 1664 450 1707 papilla
481 1662 630 1705 (N0.25.
662 1675 738 1706 pag.
762 1664 838 1705 28.)
870 1665 970 1696 dicit:
1002 1676 1020 1697 «
1039 1664 1112 1695 Man
1137 1664 1215 1696 darf
1241 1665 1287 1696 sie
1314 1665 1364 1696 als
1395 1664 1592 1707 Andeutung
1615 1667 1703 1698 einer
1731 1667 1842 1700 Ruthe

155 1721 358 1755 betrachten.
371 1721 391 1736 ''

198 1780 288 1811 Haec
309 1789 384 1812 vero
404 1778 561 1810 sententia
579 1782 615 1808 ut
633 1788 708 1809 vera
728 1787 793 1808 esse
825 1777 944 1819 possit,
970 1779 1088 1810 ductus
1123 1779 1306 1810 ovariorum
1340 1783 1372 1811 et
1402 1778 1569 1812 seminales
1594 1791 1659 1813 sese
1676 1793 1735 1824 per
1756 1782 1843 1815 hanc

155 1837 313 1881 papillam
335 1836 457 1877 aperire
480 1840 682 1877 oporterent;
706 1836 817 1877 itaque
838 1836 929 1877 quod
962 1846 1039 1867 cum
1071 1835 1181 1866 locum
1211 1845 1279 1866 non
1302 1835 1424 1868 habeat
1438 1858 1447 1873 ‚
1479 1837 1569 1868 nulla
1589 1839 1703 1869 relatio
1734 1839 1843 1873 adesse

157 1898 262 1936 potest
278 1893 434 1935 papillam
456 1892 540 1922 inter
562 1897 592 1922 et
616 1897 752 1933 systema
774 1893 923 1934 genitale.
948 1907 990 1915 -
1012 1891 1138 1933 Papilla
1170 1891 1340 1923 urethralis
1365 1902 1491 1936 semper
1519 1895 1725 1935 propendens
1754 1907 1845 1938 repe-

157 1952 238 1983 ritur
256 1951 291 1982 in
311 1959 427 1991 genere
457 1948 554 1980 Gado
569 1971 577 1986 ‚
606 1949 776 1990 Cypriae,
810 1949 1092 1989 Petromyzonte.
1116 1958 1214 1988 porro
1234 1947 1413 1980 secundum
1439 1949 1519 1980 alios
1550 1950 1584 1980 in
1610 1960 1727 1992 genere
1752 1952 1846 1983 Silu-

159 2018 219 2047 ro,
259 2005 386 2043 Goba'o,
423 2005 577 2042 Zoarce,
614 2005 780 2044 Blennz'o,
820 2005 1032 2047 Callc'onymo
1060 2008 1091 2035 et
1124 2014 1202 2046 prae
1244 2005 1356 2036 ceteris
1392 2005 1426 2036 in
1466 2004 1667 2048 Cycloptero
1701 2009 1843 2051 Lampo,

163 2063 210 2094 Ex
237 2062 287 2093 his
310 2062 457 2093 omnibus
477 2063 590 2094 unicus
623 2067 748 2094 tantum
781 2062 909 2094 Gobz'us
939 2062 1116 2094 secundum
1147 2060 1386 2093 observationes
1410 2060 1488 2092 mibi
1513 2063 1659 2104 cognitas
1690 2064 1735 2095 ita
1765 2075 1845 2097 con-

158 2123 294 2151 structas
330 2119 430 2150 habet
458 2118 515 2149 has
536 2123 663 2160 partes,
699 2124 733 2150 ut
767 2130 874 2151 semen
903 2125 935 2150 et
962 2130 1023 2151 ova
1050 2129 1109 2160 per
1138 2118 1204 2149 hoe
1237 2118 1355 2149 ostium
1384 2119 1527 2161 papillae
1557 2119 1725 2152 urethralis
1759 2122 1844 2154 foras

158 2177 370 2209 eliminentur.
415 2174 601 2206 Concedere
623 2175 721 2217 igitur
744 2176 918 2214 debemus,
951 2187 1016 2207 esse
1038 2176 1143 2217 pisces
1173 2175 1206 2207 in
1233 2174 1352 2216 quibus
1369 2174 1475 2216 {urina
1503 2180 1536 2208 et
1568 2187 1674 2210 semen
1708 2179 1757 2210 vel
1783 2190 1845 2212 ova

160 2244 219 2275 per
236 2243 335 2264 unam
351 2231 553 2273 eandemque
574 2237 758 2274 aperturam
785 2233 1009 2275 eliminantur;
1032 2243 1099 2265 non
1118 2232 1193 2265 ideo
1210 2237 1318 2266 autem
1338 2232 1425 2266 hanc
1446 2233 1603 2276 papillam
1626 2235 1763 2269 membri
1789 2248 1847 2280 ge·

160 2290 267 2324 uitalis
286 2300 420 2324 munere
449 2288 561 2332 fungi,
585 2291 704 2332 cuique
721 2290 859 2333 patebit.

1070 2346 1098 2379 C
1121 2346 1143 2379 3
