2278 2880
419 181 710 215 RESPONSHO
743 191 789 212 An
824 180 1189 219 QUAEsTloNEM
1223 170 1566 214 zoiiLOGICAM.
1811 183 1848 214 31

167 274 299 307 sarium.
344 272 377 302 Si
399 282 474 302 vcro
509 272 702 303 attendimus
726 271 768 302 ad
798 272 984 312 pulmones,
1010 271 1066 312 qui
1089 271 1276 311 sanguinem
1306 283 1479 310 nmmum,
1504 277 1539 305 ut
1561 274 1758 314 deluuntur,
1786 282 1848 303 ac-

165 331 288 372 cipiunt
310 338 366 369 per
396 329 527 360 arterias
560 329 785 370 pulmonales‚
821 337 922 368 quare
951 337 1017 357 non
1055 327 1298 367 acciperemus,
1331 329 1516 368 sauguinem
1558 338 1711 358 venosum
1742 327 1851 368 hepati

165 386 287 418 adduci
307 395 364 426 per
384 395 520 424 venam,
551 385 741 417 arteriarum
762 384 795 414 in
817 383 952 415 modum
976 383 1180 420 confectam,
1207 387 1242 414 ut
1268 383 1442 424 depuretur
1473 394 1511 413 ac
1538 384 1570 414 in
1598 383 1806 426 pulmonibus
1830 394 1849 414 a

161 442 329 475 carhonio.

202 498 334 529 Haecce
356 507 442 529 nunc
464 497 618 529 sententia
649 501 786 538 accepta
808 495 909 538 (nam
926 496 1055 538 plurimi
1077 501 1164 528 certe
1192 502 1301 528 nostro
1322 501 1465 537 tempore
1491 495 1706 532 conveniunt,
1733 506 1847 527 venam

160 560 328 597 portarum
350 554 491 596 inprimis
515 553 664 585 inservire
674 553 755 584 v*bilis
777 552 951 584 secretioni
965 553 982 592 >
998 552 1086 593 quid-
1102 554 1247 595 impedit
1267 564 1308 584 ne
1327 553 1417 585 idem
1443 553 1476 582 in
1506 551 1638 582 renibus
1656 562 1765 582 verum
1788 553 1848 583 ha·-

160 611 318 644 beamus?
363 611 540 642 Oculorum
563 603 744 640 testimonio
762 601 921 640 *certiores
941 605 1019 640 faeti
1038 607 1158 646 sumus,
1178 606 1333 641 'eisister‘e
1361 610 1394 640 in
1422 608 1508 639 hisce
1533 607 1726 638 animalibus
1748 613 1846 649 syste-

158 678 211 698 ma
232 671 415 710 peculiare,
441 672 536 698 antea
560 666 777 706 descriptum,
803 664 878 706 jure
906 666 1020 696 merito
1055 676 1129 697 cum
1159 670 1328 707 systemate
1356 669 1523 708 portarum
1557 663 1698 705 hepatis⁴
1714 674 1848 705 compa-

159 724 319 763 randum3
342 730 373 756 et
395 725 420 754 si
442 721 545 764 porro‘
573 719 768 751 attendimus
790 719 832 750 ad
863 723 987 761 paucas
1014 721 1221 751 et·minimas
1255 722 1409 758 arterias,
1445 720 1470 751 si
1501 730 1577 750 cum
1606 719 1693 751 venis
1724 719 1849 750 scilicet

158 784 413 820 comparantur,
444 782 582 808 statuere
609 776 716 807 coacti
748 786 876 812 sumus,
902 777 1091 818 sanguinem
1123 788 1275 809 venosum
1301 780 1334 810 in
1365 778 1413 808 his
1447 775 1640 808 animalibus
1676 782 1746 806 tum
1775 774 1848 806 bilis

158 839 225 865 tum
250 835 359 866 urinae
379 834 544 876 parationi
563 833 737 873 inservire,
762 838 793 864 et
813 832 910 875 igilur
926 834 1007 865 duas
1032 835 1333 866 momentosissimas
1364 835 1557 867 secretiones
1582 833 1616 864 in
1635 833 1672 863 iis
1692 831 1806 873 perfici
1828 842 1848 862 a

157 891 245 923 venis
262 902 300 922 ex
322 901 441 923 venoso
461 890 626 932 sanguine.

201 947 282 977 Cum
306 958 382 979 vero
400 949 592 980 haematosis
617 956 677 989 pro
699 938 792 987 parte
808 938 1049 978 'sed'r'etionibiis
1068 939 1257 989 perficitur,
1281 947 1363 980 haec
1392 958 1479 979 nunc
1502 950 1671 988 perspecta
1691 954 1846 976 venarum

158 1011 242 1033 nova
264 1001 389 1034 functio
414 1004 507 1045 plura
527 1003 751 1045 phaenomena
782 1002 932 1033 nondum
968 1003 1027 1033 rite
1059 1004 1221 1044 explicata
1248 1005 1322 1035 luce
1354 1002 1492 1044 spargit,
1527 1005 1559 1031 et
1585 1001 1697 1031 melius
1715 1000 1846 1040 aliquo-

157 1057 257 1088 modo
277 1058 503 1101 intelligimus,
528 1068 629 1100 quare
649 1057 756 1089 avium
775 1059 902 1100 sanguis
922 1058 1000 1089 licet
1020 1059 1112 1100 parvi
1130 1060 1167 1090 iis
1184 1060 1245 1091 sint
1264 1060 1433 1101 pulmones
1446 1080 1454 1094 ,
1479 1061 1546 1088 tam
1563 1057 1684 1088 intense
1699 1057 1737 1088 sit
1749 1057 1846 1088 ruber

154 1118 185 1144 et
208 1124 308 1155 quare
339 1116 525 1157 amphibia,
550 1125 691 1155 quorum
723 1115 902 1154 pulmones,
919 1114 1136 1147 sacciformes.
1153 1126 1257 1157 aeque
1282 1121 1354 1147 sunt
1383 1114 1496 1156 parvi,
1518 1123 1585 1145 non
1615 1114 1718 1145 solum
1742 1116 1845 1147 vivere

155 1170 276 1210 possint
298 1170 330 1203 in
354 1174 428 1202 aere
450 1174 627 1210 corrupto.
659 1156 863 1210 respirationi
892 1169 983 1200 nullo
1009 1171 1109 1202 modo
1142 1171 1316 1214 adaptato,
1349 1171 1405 1203 sed
1438 1171 1504 1202 imo
1535 1170 1602 1202 sine
1632 1171 1842 1211 respiratione

153 1235 213 1267 per
231 1226 365 1268 longum
388 1232 513 1269 tempus
528 1225 634 1258 vivere
649 1225 781 1266 possint.

441 1412 589 1446 ‚Multum
621 1411 733 1443 adhuc
761 1416 872 1444 restat
893 1425 1026 1457 operes,
1052 1415 1261 1458 multumque
1280 1415 1449 1454 restabit,
1474 1425 1536 1446 nec
1564 1414 1632 1451 ulli
1654 1394 1736 1447 nato
1757 1420 1842 1459 post

487 1470 579 1502 mille
602 1468 720 1502 secula
735 1470 987 1512 praecludetur
1005 1474 1139 1505 occasio
1152 1496 1161 1512 ‚
1186 1471 1324 1515 aliquid
1341 1470 1453 1516 qdlz'uc
1476 1471 1680 1514 adjiciendi.

1364 1574 1556 1604 sunnon„

1643 2313 1831 2349 TABULAE
