2278 2880
409 165 706 200 RESPONSIO
736 177 781 199 An
814 165 1186 207 QUAESTIONEM
1216 157 1564 200 2061.0GICAM.
1816 166 1838 198 9

197 262 233 292 [n
259 259 437 290 uuiversum
459 258 484 288 si
509 268 597 289 renes
625 259 666 290 ad
698 263 797 300 caput
827 269 926 300 usque
948 257 1171 295 adscendunt,
1197 260 1292 300 vulgo
1322 263 1492 291 crassiores
1520 260 1564 291 ibi
1590 259 1671 289 fiunt
1691 262 1722 289 et
1745 258 1835 290 vario

157 316 256 348 modo
282 314 383 346 lobati
407 315 630 354 observantur3
665 317 690 346 si
718 325 794 347 vero
825 325 891 345 non
917 318 982 344 tam
1012 314 1108 355 longe
1135 324 1168 344 se
1195 314 1390 352 extendunt,
1426 321 1503 346 tunc
1535 320 1568 345 ut
1600 314 1772 356 plurimum
1803 314 1837 345 in

157 372 284 413 apicem
307 376 490 402 excurrunt.
538 372 576 402 In
601 371 694 413 Baja
724 370 817 402 [tubo
839 369 960 410 ubique
987 368 1132 411 ejusdem
1157 369 1222 401 fere
1246 375 1318 401 sunt
1343 370 1539 407 latitudinis,
1574 372 1620 402 uti
1642 380 1680 401 ex
1711 370 1790 402 Tab.
1811 370 1837 401 1.

158 428 225 469 Fig.
243 426 276 459 4.
299 431 408 468 patet,
435 427 488 457 ubi
512 428 650 458 naturali
672 427 894 468 magnitudine
916 430 988 456 sunt
1012 426 1176 458 delineati.

200 483 245 513 De
269 483 363 524 Raja
396 482 533 514 clavata
560 484 614 519 L.‚
639 493 694 513 ren
716 483 822 522 inquit
844 481 985 512 Retz-z'zts
1011 481 1091 523 (No.
1114 482 1167 512 26.
1204 492 1279 524 pag.
1307 481 1381 522 ll.)
1407 481 1512 510 soleae
1534 481 1610 520 equi
1632 481 1759 517 similis,
1784 480 1842 511 alis

159 545 338 571 ann-orsum
364 540 471 577 versis;
494 541 525 570 in
556 539 649 581 Raja
679 538 859 579 fullonica
889 537 992 577 (ibid.
1018 548 1091 579 pag.
1116 538 1190 579 16.)
1223 548 1314 568 renes
1339 542 1411 567 sunt
1434 536 1587 578 disjuncti
1615 538 1839 574 semitunares;

158 599 192 627 iu
214 597 308 637 Baja
333 597 454 627 Bale'de
475 596 573 637 (ibid.
601 607 674 638 pag.
691 596 767 635 21.)
790 605 878 625 renes
890 593 1091 635 fullonio-ae
1108 595 1246 625 multum
1269 594 1435 624 dissimiles
1455 594 1498 624 ad
1525 593 1682 624 clavalae
1704 593 1840 634 figuram

159 655 261 695 magis
281 653 462 684 accedunt:
490 654 562 684 Duo
586 654 669 684 enim
693 652 806 681 adsunt
833 651 987 692 graciles,
1013 651 1159 694 oblongi.
1204 650 1243 681 In
1262 650 1394 693 Squalo
1420 650 1550 681 Glauco
1578 650 1676 691 (ibid.
1700 660 1777 691 pag.
1792 648 1841 690 8.)

158 721 215 741 ren
240 709 408 741 naviculae
430 709 494 740 fere
515 709 650 739 formam
677 707 793 745 habet3
830 709 986 749 posterius
1016 719 1131 750 nempe
1153 712 1184 739 et
1207 718 1341 749 superne
1373 708 1504 739 carinae
1525 708 1558 738 in
1582 707 1715 737 modum
1745 717 1842 738 com·

156 776 297 808 pressus,
323 766 463 795 anterius
487 765 630 801 tenuior,
654 764 709 794 sed
732 764 909 805 depressus
955 766 1052 797 Latus
1075 765 1205 796 inferius
1227 765 1367 795 medium
1380 765 1503 796 sulcum
1524 769 1662 795 ureteres
1682 764 1843 795 foventem

159 823 256 853 habet
270 845 278 858 ‚
315 821 408 864 cujus
431 822 589 864 margines
610 826 783 851 transverse
806 821 896 853 fissae
919 827 1009 859 sunt,
1035 822 1125 863 quod
1151 821 1299 852 loborum
1319 822 1427 853 locum
1449 821 1622 863 significat.
1668 821 1846 862 Inpressio-

159 879 254 911 nibus
277 883 439 909 costarum
461 879 492 908 in
520 878 625 909 avium
648 878 854 919 pulmonibus
876 878 966 909 haud
991 878 1156 909 dissimiles
1178 883 1262 911 sunt.
1308 878 1346 909 In
1374 877 1505 920 Squalo
1534 877 1715 908 Acantlu'a
1733 887 1843 907 renem

157 937 222 967 fere
246 940 280 965 ut
301 936 331 965 in
357 934 486 976 Squalo
510 934 640 964 Glauco
664 945 728 964 esse
753 935 839 965 idem
861 939 993 965 testatur
1018 934 1117 976 (ibid.
1142 945 1217 976 pag.
1242 934 1291 966 lt.
1307 934 1333 975 )
1380 934 1485 976 Ergo,
1517 934 1621 976 pergit
1639 934 1847 965 Doctissimus

157 993 320 1027 Bel-zius,
354 992 387 1022 in
416 991 478 1021 illis
506 990 632 1021 (luobus
664 990 795 1032 Squalis
817 1003 871 1022 ren
894 992 1031 1021 formam
1054 990 1151 1020 habet
1179 992 1274 1021 cunei
1298 991 1404 1031 longi,
1431 991 1474 1020 ad
1501 991 1678 1031 posteriora
1707 990 1846 1020 rotunde

160 1058 360 1090 compressus
381 1051 412 1078 et
445 1048 585 1078 anterius
613 1048 790 1089 depressus,
836 1048 930 1089 Apud
962 1046 1090 1089 Rujum
1122 1045 1293 1076 clavatam.
1321 1045 1525 1076 solummodo
1557 1050 1694 1088 uterque
1726 1057 1782 1077 ren
1810 1047 1844 1078 in

159 1116 256 1136 unum
284 1108 457 1135 concretus
479 1109 544 1139 est,
571 1105 603 1135 in
626 1103 808 1145 fullonica
838 1109 869 1134 et
895 1104 1016 1134 Raude
1040 1107 1148 1145 aperte
1173 1102 1300 1134 divisus.
1346 1102 1488 1133 Additae
1510 1103 1620 1135 icones
1644 1103 1729 1135 hanc
1751 1102 1843 1145 figu'-

157 1172 226 1193 ram
249 1165 337 1192 recte
360 1159 534 1200 explicant.

200 1219 307 1251 Renes
328 1217 604 1256 Petromyzomzze
628 1217 822 1258 fluviatilis
842 1216 924 1255 (No.
945 1216 1000 1247 23.
1029 1226 1102 1257 pag.
1125 1214 1201 1256 50.)
1224 1226 1306 1256 quos
1332 1214 1435 1246 Home
1459 1226 1518 1257 pro
1540 1217 1693 1247 testiculis
1714 1215 1845 1254 habuit,

157 1275 249 1317 longi
273 1278 345 1305 sunt
372 1277 404 1303 et
428 1272 493 1302 fere
514 1272 637 1314 ubique
660 1273 803 1314 ejusdem
825 1272 1003 1303 latitudinis
1027 1275 1058 1303 et
1087 1272 1256 1310 crassitiei3
1284 1276 1464 1303 antrorsum
1490 1283 1601 1303 eorum
1624 1273 1704 1304 fines
1731 1273 1847 1304 subro-

156 1331 252 1363 1undi
276 1335 364 1368 sunt3
398 1329 524 1360 videtur
559 1329 692 1370 quidem
723 1339 835 1359 eorum
867 1328 1009 1359 anterior
1031 1339 1106 1370 pars
1127 1339 1144 1359 a
1167 1329 1269 1359 multo
1291 1329 1474 1370 angustiore
1494 1334 1527 1360 et
1557 1330 1602 1361 fili
1626 1331 1724 1360 instar
1760 1330 1849 1360 tenui

156 1395 249 1431 parte
269 1387 430 1428 incipere,
455 1396 563 1417 verum
588 1385 669 1417 haec
690 1396 765 1428 pars
786 1385 988 1417 continuatio
1015 1385 1097 1418 renis
1119 1385 1271 1418 habenda
1291 1396 1357 1417 non
1379 1391 1448 1425 est,
1483 1387 1539 1418 sed
1569 1387 1704 1429 adiposa
1726 1391 1843 1418 natura

155 1447 208 1480 vel
229 1445 369 1476 maxime
392 1453 411 1474 a
432 1454 507 1474 rene
530 1443 646 1474 differt.

167 1520 172 1530 .
199 1502 246 1532 De
267 1501 373 1531 hocce
402 1510 540 1540 corpore
564 1500 700 1541 adiposo
735 1502 831 1532 aliam
854 1502 989 1543 protulit
1019 1500 1211 1532 sententiam
1246 1501 1339 1533 Doct.
1364 1502 1528 1534 Retzz'ns:
1563 1507 1737 1544 postquam
1767 1501 1852 1532 enim

160 1558 362 1600 descripserit
385 1556 449 1588 hoc
480 1568 597 1599 corpus
627 1557 659 1587 in
687 1557 817 1588 diversis
844 1558 1007 1598 piscibus,
1042 1558 1076 1587 in
1103 1557 1236 1597 qucalo
1262 1558 1393 1588 Glauco
1417 1565 1449 1589 et
1475 1559 1671 1595 Acanlhz'a,
1697 1560 1731 1589 in
1754 1557 1851 1598 Raja

160 1615 284 1648 Bate'de
310 1617 397 1644 caet.
424 1614 464 1644 de
479 1613 575 1655 Raja
597 1613 736 1644 clavata
757 1613 793 1644 L.
817 1613 899 1654 (No.
920 1612 963 1644 26
1004 1623 1079 1654 pag.
1095 1612 1193 1653 11.):
1227 1624 1244 1645 «
1266 1612 1453 1645 Substantia
1475 1614 1548 1651 illa,
1574 1615 1699 1656 inquit,
1725 1613 1851 1657 pallida

161 1672 358 1708 flavescens,
383 1680 482 1711 quam
515 1671 548 1701 in
573 1671 670 1701 dorso
699 1671 784 1700 renis
812 1670 900 1711 apud
925 1669 1065 1711 Squalos
1089 1670 1355 1707 memoravimus,
1381 1671 1544 1703 medullae
1566 1682 1701 1703 nerveae
1725 1671 1848 1706 similis,

163 1730 342 1763 nreterihus
369 1728 534 1770 paralela,
559 1732 590 1758 et
620 1728 684 1758 sere
710 1727 824 1757 eadem
848 1727 1001 1758 crassitie.
1048 1725 1244 1767 Quicunque
1267 1727 1309 1757 ad
1331 1728 1496 1769 propriam
1521 1729 1626 1770 adipis
1650 1728 1790 1769 speciem
1819 1727 1853 1758 in

165 1789 254 1820 hisce
271 1786 412 1829 piscibus
430 1795 495 1815 non
520 1784 678 1821 attendit,
703 1784 790 1815 illam
814 1784 1025 1825 panniculum
1047 1783 1216 1825 adiposum
1238 1785 1321 1815 renis
1353 1784 1497 1816 haberet.
1542 1785 1729 1816 Membrana
1753 1784 1783 1815 ei
1807 1788 1853 1814 est

163 1845 335 1888 perspicua
350 1843 397 1873 bis
418 1842 604 1873 constricta.
647 1841 752 1880 Quam
769 1852 843 1872 vero
856 1841 1065 1872 substantiam
1079 1863 1086 1877 ,
1113 1841 1267 1881 quoniam
1282 1840 1334 1873 hic
1346 1842 1448 1883 magis
1470 1853 1510 1873 ac
1529 1843 1562 1873 in
1587 1842 1719 1884 Squalis
1742 1852 1759 1872 a
1778 1850 1854 1872 rene

165 1905 312 1945 sejuncta
336 1905 399 1934 est,
436 1898 623 1940 glandulam
661 1898 898 1939 suprarenalem
928 1908 992 1929 esse
1019 1897 1097 1928 mihi
1124 1897 1247 1929 indicio
1277 1897 1371 1929 fuit.''
1395 1914 1439 1920 --
1461 1898 1542 1930 Cum
1570 1910 1647 1931 vero
1671 1898 1851 1930 substantia

163 1958 247 1990 haec
268 1961 447 1988 memorata
473 1966 568 1996 saepe
590 1956 684 1985 etiam
708 1956 866 1996 reperitur
886 1955 919 1985 in
950 1955 1048 1984 latere
1071 1958 1203 1985 externo
1230 1965 1343 1986 renum
1359 1978 1367 1992 ‚
1400 1960 1434 1986 ut
1466 1961 1498 1987 et
1520 1956 1554 1987 in
1576 1957 1707 1998 regione
1729 1955 1851 1986 dorsali

167 2017 303 2047 aliorum
322 2014 475 2056 piscium,
502 2012 638 2053 exempli
661 2021 758 2043 causa
781 2012 925 2043 Blennz‘z'
942 2013 1097 2053 vz'w'parz‘
1116 2016 1146 2042 et
1176 2016 1244 2042 tam
1269 2011 1425 2053 adspectu
1446 2023 1503 2043 suo
1523 2024 1623 2054 quam
1645 2013 1758 2045 ceteris
1776 2022 1856 2053 pro-

166 2071 358 2114 prietatibus
381 2069 530 2101 convenit
554 2079 628 2099 cum
652 2068 769 2111 adipe,
807 2070 910 2112 magis
937 2069 1088 2110 equidem
1117 2068 1306 2100 sententiam
1326 2069 1382 2100 viri
1407 2068 1491 2101 Clar.
1517 2069 1653 2101 Rathke
1679 2070 1858 2111 amplecte·

166 2139 237 2165 rer,
262 2129 319 2169 qui
339 2132 490 2158 naturam
511 2126 605 2168 hujus
626 2126 772 2167 corporis
790 2127 963 2169 adiposam
987 2120 1169 2158 luculenter
1188 2126 1455 2158 demonstraverit
1476 2127 1558 2167 QNo.
1578 2128 1624 2159 23
1643 2138 1719 2169 pag.
1736 2127 1790 2158 52.
1820 2131 1852 2158 et

168 2186 227 2218 No.
247 2184 299 2216 24.
321 2195 397 2226 pag.
416 2183 460 2214 92
482 2188 512 2214 et
532 2182 608 2224 94.)

211 2242 318 2274 Renes
346 2240 483 2282 Trrgrlae
510 2240 713 2271 Harundines
739 2241 771 2272 in
801 2241 976 2282 posteriore
1003 2245 1096 2283 parte
1120 2240 1176 2272 ubi
1200 2241 1390 2274 coaluerunt
1416 2246 1464 2274 sat
1487 2241 1546 2274 lati
1577 2246 1666 2279 sunt,
1692 2241 1853 2273 anteriora

165 2309 273 2333 versus
293 2299 450 2330 minorem
473 2297 593 2328 habent
615 2307 752 2329 massam
775 2302 806 2329 et
830 2299 871 2330 ad
896 2303 994 2341 caput
1018 2299 1133 2330 iterum
1156 2299 1352 2331 increscunt.

1185 2354 1210 2385 B
1778 2354 1860 2388 Cot-
