2278 2880
413 140 699 182 REsronsm
731 149 778 173 Al>
811 137 1176 181 QUAESTIOMEM
1208 129 1549 174 zotiLOGchM.
1788 143 1827 177 17

148 239 238 281 pisce
256 239 288 268 et
306 235 338 266 in
355 233 552 265 Anarrz'cha
570 235 687 276 Lupo,
711 232 767 273 qui
790 232 864 262 loco
884 230 1013 261 fissurae
1039 229 1162 260 Esocz's
1182 230 1262 262 duas
1280 231 1378 263 habet
1398 233 1537 274 papillas
1554 241 1612 273 per
1633 239 1714 272 quas
1734 233 1825 264 urina

149 296 184 325 in
202 292 342 325 vesicam
367 292 478 321 transit
504 290 632 333 (ibid).
676 288 799 320 Ostium
821 292 984 318 ureterum
1007 287 1041 318 in
1064 287 1201 318 vesicam
1228 289 1350 320 ducens
1369 291 1495 321 valvula
1514 288 1656 330 quadam
1672 294 1717 320 est
1735 289 1828 321 clau-

152 359 206 384 sa,
229 356 335 387 neque
355 346 489 383 mirum,
524 356 601 377 nam
633 346 698 376 sine
729 354 766 374 ea
799 343 895 374 facile
917 342 1009 373 urina
1037 344 1184 374 retroiret
1212 344 1255 375 ad
1286 348 1379 377 renes
1405 345 1447 376 ob
1476 346 1571 377 situm
1595 345 1827 377 horizontalem

152 403 304 445 partium.
350 401 388 433 In
410 401 529 443 ngla
552 401 633 433 haec
651 401 779 432 valvula
804 400 899 433 facile
919 399 1136 440 conspicitur,
1162 401 1186 431 si
1207 400 1313 432 vesica
1333 401 1474 431 urinaria
1491 406 1604 442 aperta
1619 406 1676 433 est.
1721 401 1827 432 Etiam

151 458 247 500 hujus
266 457 413 489 valvulae
428 458 608 498 praesentia
624 457 695 499 jam
717 460 808 498 patet
830 466 868 486 ex
888 466 945 492 eo,
971 455 1062 496 quod
1079 457 1135 485 aer
1158 460 1189 486 et
1209 456 1385 487 mercurius
1404 454 1528 486 v‘esicae
1557 455 1676 487 inmissi
1698 457 1830 488 difficil-

152 515 227 544 lime
246 514 281 544 in
308 516 446 543 ureteres
464 512 570 553 urgeri
587 516 737 552 possunt,
762 512 808 542 uti
826 511 860 542 in
885 511 1056 542 ffluraenoe
1088 508 1170 551 Ang
1150 510 1260 543 uilla
1283 510 1422 547 accidit,
1447 514 1478 541 et
1503 511 1536 542 in
1557 511 1676 552 Trzgla
1698 511 1829 542 He'run-

153 569 258 607 dme5
280 568 314 598 in
337 568 441 609 aliiS‚A
463 568 574 598 Perea
592 567 805 608 fluvi'atclzs,
840 578 870 599 v.
897 578 926 599 c
956 567 1082 598 valvula
1114 566 1170 597 illa
1203 567 1292 597 nulla
1323 567 1354 598 vi
1389 571 1553 608 premente
1586 567 1692 603 cedit,
1724 567 1768 597 ita
1794 572 1830 598 ut

152 625 238 666 prius
257 624 381 655 vesicae
405 628 572 665 rupturam
595 633 694 665 quarn
724 624 891 655 transitum
921 623 1070 654 mercurii
1101 623 1135 653 in
1163 626 1304 654 ureteres
1328 623 1526 656 efficeremus
1541 645 1550 655 .
1575 633 1649 655 cum
1670 626 1777 654 tamen
1797 623 1832 654 in

153 680 298 712 omnibus
315 680 489 710 mercurius
508 680 603 710 facile
622 690 658 710 ex
684 679 861 710 ureteribus
883 679 1022 710 vesicam
1040 678 1151 709 intrat.

194 737 278 777 Vasa
297 733 535 775 sanguifera,ab
558 734 730 772 intestinis,
756 735 871 768 ovariis
884 741 901 771 ,‘
917 739 948 765 ct
971 734 1078 765 cauda
1098 738 1237 765 ureteres
1254 733 1386 766 adeunt.
1424 738 1426 741 '

791 857 937 880 VESICA
969 857 1220 880 URINARIA.,

195 959 312 994 Vesica
329 956 471 990 urinaria
492 967 531 988 ea
550 961 595 988 est
618 958 795 1000 systematis
821 959 1005 1000 uropoetici
1025 969 1120 1000 pars,
1146 969 1211 1000 qua
1237 959 1329 990 urina
1356 959 1389 989 in
1414 957 1542 989 renibus
1566 963 1687 989 secreta
1716 958 1834 990 retine-

155 1021 207 1046 tur
229 1020 260 1047 et
279 1015 464 1057 colligitur,
488 1024 529 1044 ne
556 1014 678 1045 scilicet
708 1014 863 1044 continuo
892 1015 1002 1045 effluat
1024 1019 1055 1045 et
1072 1019 1106 1044 ut
1128 1013 1175 1043 ibi
1200 1013 1308 1043 adhuc
1339 1017 1446 1053 partes
1468 1021 1609 1051 aquosae
1638 1012 1836 1044 absorbean-

156 1077 218 1103 tur.
242 1090 282 1096 -—
307 1072 386 1103 Cum
413 1081 488 1103 vero
509 1080 575 1100 non
608 1079 716 1100 omnes
744 1070 847 1110 pisces
869 1071 975 1101 vesica
1008 1071 1068 1101 sint
1095 1069 1263 1105 instructi,
1287 1068 1425 1110 primum
1445 1067 1558 1108 paucis
1582 1067 1686 1099 verbis
1705 1068 1836 1109 dicam,

149 1128 320 1168 ⁴quomodo
342 1127 405 1157 hoc
432 1131 569 1166 systema
591 1125 764 1155 deficiente
784 1127 886 1156 vesica
908 1127 1118 1157 constitutum
1136 1125 1185 1155 sit.
1209 1157 1212 1159 ,

195 1181 290 1212 Nulla
312 1187 402 1212 certa
425 1181 515 1211 adest
535 1179 665 1220 regula,
691 1190 757 1220 qua
778 1191 797 1211 a
820 1182 918 1221 priori
947 1181 1132 1221 dijudicare
1156 1188 1320 1220 possemus
1347 1178 1468 1218 piscem
1497 1180 1639 1220 aliquem
1662 1178 1766 1211 vesica
1786 1180 1836 1211 in-

151 1240 310 1267 structum
328 1221 390 1263 esse
410 1232 459 1263 vel
475 1242 541 1262 nou
557 1232 749 1263 instructum
773 1245 850 1265 esse.
895 1235 1042 1266 Ureteres
1062 1236 1087 1265 si
1117 1235 1221 1277 vesica
1248 1233 1447 1264 desideratur
1467 1235 1602 1265 solitarii
1633 1236 1681 1266 vel
1707 1235 1766 1266 sibi
1788 1237 1839 1267 in-

153 1292 256 1323 vicem
276 1289 414 1331 appositi
434 1287 634 1319 descendunt
660 1298 760 1328 usque
780 1300 882 1330 prope
913 1291 956 1321 ad
983 1302 1079 1321 anum
1110 1295 1140 1321 et
1170 1290 1255 1331 prius
1277 1289 1325 1320 vel
1352 1290 1449 1320 serius
1485 1301 1551 1321 sese
1579 1291 1784 1333 conjungunt
1802 1296 1837 1322 ut

151 1358 210 1390 per
231 1348 346 1379 ostium
367 1354 538 1377 commune
556 1343 681 1373 urinam
702 1344 881 1376 effundant.
927 1347 1035 1377 Talem
1057 1347 1298 1387 dispositionem
1314 1345 1408 1376 nobis
1429 1346 1523 1377 offert
1546 1346 1740 1378 Exocoetus
1760 1358 1837 1378 evo-

153 1405 235 1436 lans
254 1403 346 1445 cujus
373 1405 511 1432 meteres
528 1410 547 1430 a
567 1400 694 1431 renibus
721 1400 763 1431 ad
786 1402 926 1443 parietes
956 1403 1138 1435 abdominis
1159 1401 1362 1443 descendunt
1385 1406 1416 1433 et
1437 1413 1539 1444 prope
1565 1403 1607 1434 ad
1626 1414 1724 1435 anum
1750 1415 1837 1446 pone

152 1461 339 1509 intestinum
360 1463 484 1490 rectum
505 1467 536 1488 se
559 1457 774 1499 conjungunt.

195 1519 267 1548 Hoc
286 1526 384 1558 porro
404 1515 448 1544 ita
473 1513 569 1544 estin
591 1512 853 1552 Pettomyzonte
869 1513 1049 1554 fluvi‘alz'lz
1072 1518 1102 1544 et
1130 1512 1244 1546 0062·st
1257 1513 1403 1554 fossili,
1428 1523 1565 1554 quorum
1595 1520 1734 1547 ureteres
1758 1525 1841 1548 con-

155 1577 321 1618 vergentes
343 1568 547 1617 descendunt
567 1574 600 1599 et
619 1579 679 1609 pei
701 1580 836 1609 parvam
858 1570 1014 1610 papillam
1038 1570 1071 1598 in
1090 1570 1267 1611 posteriore
1292 1570 1435 1608 margine
1458 1570 1511 1598 ani
1537 1570 1661 1600 urinam
1678 1571 1840 1602 emittunt.

156 1629 194 1658 In
219 1624 331 1658 Cobz'l'c'
347 1626 435 1666 prius
453 1622 591 1655 ureteres
609 1622 778 1656 confluunt
796 1634 896 1666 quam
914 1624 947 1655 iu
966 1624 1250 1665 Petromyzonte,
1275 1623 1366 1666 quod
1386 1635 1424 1655 ex
1454 1623 1582 1654 Tabula
1602 1624 1629 1656 Ι.
1652 1625 1729 1667 Fe‘g.
1752 1637 1782 1657 c.
1805 1626 1841 1660 d.

157 1683 257 1716 videri
279 1685 399 1722 potest.

200 1737 316 1779 Bajae
331 1736 429 1767 etiam
453 1740 483 1767 et
508 1735 636 1778 Squalz'
656 1735 833 1767 secundum
861 1735 946 1769 Clar.
976 1736 1103 1769 Cuvz'er
1127 1737 1233 1770 vesica
1264 1740 1336 1767 sunt
1367 1735 1507 1766 destituti
1540 1735 1617 1777 (N0.
1636 1737 1670 1769 5.
1698 1738 1788 1773 Tom.
1809 1739 1841 1771 4.

160 1805 237 1838 pag.
258 1793 358 1829 640).
401 1793 532 1824 Interim
558 1793 721 1829 Relzc'zcs,
747 1803 764 1823 e
786 1792 917 1833 §qualo
958 1793 1089 1825 Glauco
1125 1794 1302 1825 vesicarum
1323 1792 1492 1833 quandam
1514 1793 1652 1833 speciem
1675 1805 1740 1826 non
1767 1801 1841 1828 tan-

164 1859 232 1887 tum
252 1839 440 1894 descripsit,
464 1859 576 1881 verum
595 1849 692 1879 etiam
714 1849 809 1880 icone
843 1849 1023 1882 illustravit.
1067 1851 1215 1881 Ureteres
1244 1849 1332 1883 duo,
1357 1847 1480 1888 inquit,
1504 1858 1523 1879 a
1546 1850 1629 1880 renis
1648 1851 1790 1883 inferiori
1811 1858 1842 1883 et

164 1907 317 1941 auteriori
335 1910 427 1947 parte
450 1904 483 1935 in
507 1904 567 1935 isto
585 1905 676 1936 sulco
696 1904 822 1935 initium
842 1904 995 1945 capiunt,
1018 1892 1215 1936 recurrentes
1234 1905 1348 1946 sensim
1365 1903 1534 1935 crassiores
1553 1903 1636 1936 fiunt
1661 1910 1692 1936 et
1710 1907 1743 1937 in
1764 1907 1845 1938 duas

166 1965 322 2014 oblongas
347 1961 469 2006 vesicas
492 1961 687 1998 dilatantur,
713 1972 752 1992 ex
787 1960 905 2002 quibus
930 1962 1107 1993 coarctatis
1136 1961 1280 1992 oriuntur
1303 1960 1477 1998 urethrae,
1510 1970 1596 2002 quae
1629 1962 1755 1994 urinam
1788 1974 1846 2005 per

168 2021 292 2076 apicem
314 2018 457 2060 papillae
479 2018 614 2049 cloacae
637 2017 786 2049 emittunt
802 2017 836 2057 in
855 2017 1013 2049 cloacam.
1038 2016 1118 2060 (Νο.
1140 2016 1194 2062 26.
1217 2026 1293 2062 pag·
1315 2016 1347 2048 8
1360 2015 1372 2057 )

201 2066 315 2106 Etiam
336 2073 441 2116 Home
466 2074 500 2105 in
525 2075 708 2115 anatomica
728 2084 785 2104 sua
808 2065 1027 2116 descriptione
1055 2073 1184 2116 Squalz'
1212 2084 1351 2105 maxzmz
1380 2073 1482 2106 dicit·
1530 2087 1546 2106 «
1565 2073 1623 2104 Les
1654 2073 1794 2106 ureteres
1814 2085 1846 2106 se

159 2114 373 2174 terminoient
392 2130 474 2162 dans
496 2141 560 2162 une
586 2131 690 2162 cavite
717 2130 808 2162 ovale
835 2131 968 2171 separe'e
991 2142 1032 2163 en
1060 2131 1145 2168 deux
1181 2141 1241 2172 par
1263 2140 1325 2161 une
1359 2130 1482 2161 cleison
1516 2129 1843 2171 imparfai1e‚situee

154 2178 257 2220 ιεἱειιιε
272 2182 317 2217 les'
337 2186 481 2229 environs
504 2185 544 2217 de
561 2179 682 2228 l’anus,
707 2191 738 2218 et
755 2186 912 2242 regardee
944 2195 1070 2240 comme
1080 2188 1235 2228 pouvant
1256 2183 1329 2216 etre
1343 2184 1528 2232 l‘analogue
1546 2186 1587 2218 de
1604 2187 1636 2218 la
1657 2187 1754 2220 vessie
1773 2188 1844 2229 uri-

171 2229 272 2276 nait-e.
284 2235 306 2257 ⁴³
328 2230 481 2284 (N0.19
503 2252 579 2284 pag.
576 2230 731 2284 245.)
783 2237 788 2242 ’

1059 2297 1085 2330 C
1809 2298 1850 2332 In
