2278 2880
578 191 1514 253 RESPONSIO

1008 363 1071 384 An

327 491 1027 556 QUAESTIONEM
1100 479 1758 551 zooLoGICAM.

1263 705 1436 719 -n——-

603 703 804 716 ————-—-0

713 852 1346 885 INTRODUCTIO.

186 959 362 1013 Anatome
387 984 598 1021 comparata,
625 980 705 1021 quin
725 990 882 1011 summum
902 986 1041 1022 praestet
1062 981 1291 1023 physiologiae
1317 982 1585 1020 emolumentum,
1610 995 1706 1016 nemo
1731 996 1875 1028 unquam

187 1039 357 1069 dubitavit.
404 1036 490 1067 Hinc
529 1041 616 1068 recte
650 1036 829 1068 Buffon:
864 1052 880 1069 «
900 1037 947 1067 s'il
971 1038 1191 1073 n'existaient‚
1225 1037 1348 1077 inquit,
1386 1038 1478 1078 point
1504 1039 1713 1077 d'animaux,
1751 1043 1782 1073 la
1815 1054 1876 1074 na·

184 1109 199 1127 «
221 1100 290 1124 turc
310 1094 350 1124 de
371 1092 524 1123 l'homme
546 1093 640 1123 seroit
664 1094 782 1123 encore
810 1093 881 1133 plus
906 1093 1251 1135 incomprehensible.”
1287 1093 1324 1123 Et
1347 1094 1513 1126 Ilaller:
1548 1109 1565 1129 ‹<
1585 1102 1734 1129 anatome
1764 1099 1876 1131 bruto.

183 1167 199 1185 «
220 1161 289 1183 rum
310 1150 381 1192 plus
401 1149 479 1180 boni
501 1149 577 1180 fecit
599 1149 633 1180 in
653 1147 880 1190 physiologia,
906 1160 1007 1191 quam
1030 1155 1182 1181 anatome
1207 1151 1352 1190 corporis
1371 1149 1514 1181 humani.
1562 1151 1688 1190 Situm,
1714 1154 1872 1198 figuram.

181 1224 198 1242 «
218 1206 473 1250 magnitudinem
494 1205 636 1246 partium
661 1216 699 1235 ex
719 1205 849 1237 homine
870 1207 950 1237 disci
973 1211 1134 1247 praestat3
1158 1207 1311 1237 utilitates
1332 1210 1363 1237 ct
1383 1210 1488 1237 motus
1512 1208 1655 1248 partium
1680 1211 1873 1244 animalibus

178 1278 194 1297 ⁴(
215 1265 279 1295 sere
303 1262 489 1293 debemus.¹’

220 1319 316 1359 Quod
335 1318 408 1361 jam
430 1318 588 1361 probatur
610 1317 755 1354 ratione,
781 1327 846 1359 qua
868 1317 1026 1359 plurimae
1050 1319 1232 1351 sunetioncs
1255 1324 1366 1351 nostra
1385 1318 1541 1360 imprimis
1564 1326 1670 1354 aetate
1691 1324 1815 1366 majore
1835 1327 1869 1359 in

176 1379 249 1409 tuce
272 1376 455 1408 collocatae
485 1380 568 1406 sunt.
625 1374 712 1413 Quid
746 1374 832 1405 enim
857 1379 981 1406 certum
1006 1375 1197 1408 haberemus
1230 1376 1270 1407 de
1297 1375 1495 1419 digestione,
1529 1377 1587 1408 nisi
1614 1380 1715 1411 multa
1740 1384 1869 1423 experi-

175 1439 284 1467 menta
305 1434 339 1465 in
363 1432 557 1465 animalibus
585 1431 674 1462 sacta
701 1436 824 1470 essent;
854 1433 936 1474 quid
960 1433 1001 1464 de
1024 1433 1097 1465 bilis
1122 1434 1319 1471 secretione,
1344 1434 1404 1465 nisi
1426 1433 1530 1476 hepar
1559 1440 1762 1469 caeterorum
1789 1449 1867 1471 om-

174 1493 266 1523 nium
291 1490 481 1521 animalium
501 1489 703 1529 exploratum
725 1493 805 1518 esset
826 1490 1076 1531 cognitumque,
1102 1492 1162 1521 nisi
1183 1491 1280 1521 etiam
1309 1502 1347 1521 ex
1377 1496 1530 1522 anatome
1559 1499 1751 1535 comparata
1781 1498 1866 1527 ratio

174 1551 253 1579 esset
281 1546 465 1582 intellecta,
503 1555 588 1585 quae
613 1544 646 1575 in
678 1543 807 1575 diversis
829 1544 1021 1575 animalibus
1055 1546 1138 1576 inter
1166 1548 1334 1587 pulmones
1357 1552 1387 1578 et
1413 1547 1511 1589 jecur
1541 1549 1725 1581 intercedit.
1770 1552 1866 1591 Quod

174 1615 250 1636 cum
268 1614 376 1635 verum
398 1602 457 1638 sit,
482 1601 599 1631 merito
616 1599 771 1641 suspicari
796 1600 872 1632 licet
896 1600 985 1638 sore,
1001 1606 1036 1632 ut
1062 1601 1201 1644 cognitis
1222 1602 1370 1633 omnibus
1391 1605 1536 1635 omnium
1563 1605 1751 1637 animalium
1771 1618 1865 1650 orga-

172 1662 238 1699 nis,
264 1670 322 1692 eae
345 1668 478 1702 quoque
503 1656 729 1699 physiologiae
748 1662 856 1699 partes
877 1659 980 1701 magis
1003 1660 1223 1701 explicentur,
1246 1670 1346 1701 quam
1369 1659 1433 1692 huc
1457 1672 1559 1703 usque
1583 1661 1655 1693 fieri
1679 1665 1866 1707 contigerit.

214 1717 358 1750 Seeretio
377 1716 511 1754 urinae,
535 1725 611 1746 cum
632 1715 781 1745 nondum
802 1716 841 1745 sit
864 1715 947 1746 adeo
966 1717 1149 1757 explicata,
1176 1728 1215 1748 ac
1237 1717 1384 1758 reliquae
1405 1719 1526 1748 multae
1548 1718 1749 1759 functiones,
1773 1733 1866 1754 cum.

172 1785 237 1816 que
258 1784 382 1817 organa
403 1773 530 1804 urinam
551 1775 751 1804 secernentia
770 1772 839 1814 ipsa
864 1773 952 1814 apud
974 1773 1082 1804 omnia
1107 1774 1259 1805 animalia
1282 1775 1430 1805 nondum
1454 1775 1499 1805 ita
1526 1775 1587 1806 sint
1617 1777 1803 1818 explorata,
1829 1785 1864 1810 ut

169 1832 225 1864 illa
250 1830 471 1874 physiologiae
496 1840 570 1872 pars
598 1829 666 1869 jam
699 1830 774 1860 satis
796 1829 872 1860 inde
897 1830 1055 1861 elucidari
1077 1832 1239 1872 potuerit,
1274 1842 1341 1863 non
1372 1832 1528 1863 miramur
1554 1832 1770 1866 nobilissimae
1792 1837 1863 1877 pla-

170 1889 271 1920 cuisse
293 1888 443 1919 facultati
466 1887 500 1919 in
524 1886 700 1932 certamine
730 1886 874 1917 literario
903 1897 1086 1929 proponere
1111 1889 1353 1929 quaestionem,
1392 1898 1476 1928 quae
1508 1894 1576 1920 tum
1603 1889 1638 1920 in
1670 1893 1860 1932 exponenda

138 1976 141 1982 ,
169 1949 308 1977 versetur
329 1944 455 1976 fabrica
477 1944 654 1986 systematis
676 1943 858 1985 uropoetici
887 1943 921 1975 in
945 1944 1106 1986 piscibus,
1146 1950 1214 1977 tum
1235 1945 1269 1977 in
1298 1946 1523 1988 comparanda
1550 1946 1613 1978 hac
1637 1946 1761 1979 fabrica
1788 1960 1863 1981 cum

171 2013 208 2034 ea
233 2001 377 2044 ejusdem
400 2001 578 2044 systematis
600 2011 638 2032 ex
663 2001 855 2032 animalibus
877 1987 1018 2043 reliquis.

214 2059 286 2090 Jam
305 2069 383 2091 vero
406 2059 486 2090 mihi
509 2058 595 2090 hanc
612 2059 835 2100 quaestionem
853 2059 973 2101 legenti
991 2059 1087 2091 valde
1108 2060 1243 2102 quidem
1263 2059 1431 2102 objectum
1454 2059 1602 2102 placuit,
1626 2060 1727 2102 idque
1752 2062 1856 2100 adeo,

169 2121 204 2146 ut
228 2126 310 2158 opus
341 2116 438 2147 etiam
464 2116 666 2159 aggredirer,
694 2115 750 2146 sed
777 2127 852 2147 mox
878 2116 992 2148 virium
1024 2117 1162 2149 tenuitas
1187 2128 1262 2149 eum
1293 2127 1415 2159 magna
1443 2116 1541 2159 ipsius
1570 2118 1616 2148 rei
1642 2118 1854 2157 difficultate,

168 2173 306 2216 piscium
325 2172 418 2204 simul
440 2174 513 2204 satis
534 2184 654 2216 magna
677 2173 772 2214 copia
795 2173 980 2211 deficienti,
1006 2174 1117 2216 itaque
1146 2175 1255 2206 omnia
1276 2174 1354 2205 mihi
1379 2178 1546 2205 suaserunt
1568 2173 1734 2206 discedere
1762 2186 1780 2207 a
1806 2177 1857 2208 la-

167 2230 247 2262 bore
268 2230 410 2272 incepto.
443 2229 554 2271 Neque
572 2241 659 2262 nunc
677 2230 783 2268 vobis,
798 2231 1040 2263 viriClarissimi
1053 2255 1059 2269 ‚
1074 2242 1258 2274 proponere
1279 2232 1454 2273 potuissem
1474 2230 1561 2261 hane
1583 2231 1857 2274 qualemcumque

165 2287 423 2332 responsionem,
447 2287 508 2320 nisi
527 2287 563 2320 in
583 2298 692 2322 meum
721 2289 826 2321 solum
849 2289 1061 2322 commodum
1082 2290 1206 2332 absque
1230 2290 1296 2321 ulla
1315 2289 1389 2332 jam
1416 2288 1553 2331 praemii
1580 2298 1636 2331 spe
1667 2289 1701 2322 in
1724 2289 1855 2331 incepto

1322 2338 1335 2349 ἰ

1177 2346 1209 2379 A
1231 2347 1253 2378 2
1807 2347 1857 2379 la-
