2278 2880
399 162 438 195 18
807 153 853 187 A.
889 154 918 186 J.
954 153 993 186 D.
1028 147 1336 184 STEENSTRA
1368 147 1690 190 ToussAIN'n

441 252 483 284 In
516 248 620 292 Rajz's
651 246 807 289 equidem
835 244 1081 286 receptaculum
1100 245 1204 286 reperi
1225 253 1300 276 cum
1317 243 1450 276 renibus
1476 244 1721 276 communicans
1740 246 1771 275 et
1790 243 1825 275 in
1844 239 1960 277 cloaca
1984 255 2018 279 se
2040 243 2100 289 ap·

399 309 543 352 periens}
567 305 605 337 id
630 309 758 341 autem,
783 302 863 345 quin
884 312 959 334 vera
979 301 1088 334 vesica
1111 300 1152 331 sit
1167 321 1175 337 ‚
1200 309 1295 331 nemo
1315 300 1496 343 dubitabit.
1540 301 1669 333 Haecce
1697 311 1769 332 mea
1796 301 1978 335 observatio
2000 305 2101 337 etiam

403 364 544 406 probata
566 362 693 393 videtur
713 359 835 391 tabula
856 359 986 390 decima
1016 367 1055 389 ex
1081 366 1179 399 opere
1211 356 1352 387 Mem-02·
1379 367 1398 388 a
1428 356 1628 389 Schneidero
1656 357 1766 394 edito,
1800 367 1886 399 quae
1914 360 2028 393 tabula
2053 368 2098 394 est

402 419 656 453 duodecimam
680 427 778 460 opere
802 415 965 457 originali.
1007 413 1090 445 Nam
1123 414 1202 444 licet
1228 413 1327 443 etiam
1357 412 1483 444 Monro
1515 415 1657 446 vesicam
1685 413 1862 445 urinariam
1892 415 2007 458 Bajae
2031 427 2100 449 uon

399 481 573 520 agnoscat,
598 479 706 505 tamen
721 482 789 504 sua
807 470 981 503 delineatio
995 469 1111 500 harum
1131 467 1272 510 partium
1285 490 1294 504 ,
1319 477 1406 509 quae
1430 469 1555 501 Tabula
1577 481 1651 501 mea
1676 469 1719 500 ΙΙ.
1745 469 1813 511 Fig.
1834 468 1866 501 4.
1887 472 2100 513 proponitur⁷

401 532 480 563 mihi
519 528 728 570 aliquomodo
757 526 970 568 praesentiam
1008 525 1134 558 vesicae
1167 523 1329 555 urinariae
1348 523 1491 567 probare
1514 525 1648 557 videtur.
1692 523 1730 557 Si
1754 525 1839 556 enim
1861 526 1941 558 Tah.
1965 538 2036 561 mea
2057 528 2100 559 Π-

402 590 470 631 Fig.
487 588 519 621 4.
542 596 627 628 quae
650 589 696 616 est
717 594 755 615 ex
783 593 880 625 opere
900 582 1056 619 Monrot',
1081 580 1342 618 consideremus,
1367 581 1496 612 easdem
1516 586 1626 622 partes
1648 581 1828 613 delineatae
1851 582 2006 620 vidimus,
2030 584 2056 613 si
2082 593 2100 613 a

410 644 590 676 differentia
611 652 703 674 sexus
723 639 964 676 abstrahamus,
987 647 1075 680 quae
1104 638 1137 669 in
1158 637 1306 669 iconibus
1326 637 1406 670 Tab.
1425 636 1454 670 I.
1488 637 1603 680 Fig.1.
1623 637 1657 670 4.
1679 641 1713 669 et
1733 638 1815 671 Tah.
1838 638 1884 671 ΙΙ.
1905 639 1974 681 Fig.
1992 639 2025 671 5.
2051 649 2102 671 oso

414 701 603 733 tenduntur.

444 758 490 788 Ea
516 757 601 787 enim
619 764 695 796 pars
718 751 864 783 Tabulae
884 751 929 782 11.
953 750 1030 793 th.
1054 749 1088 782 4.
1111 750 1241 783 Literz‘s
1260 750 1321 781 KK
1342 750 1486 784 indicata
1500 773 1509 788 ‚
1533 751 1650 784 cloaca
1672 755 1737 790 est,
1763 761 1851 794 quae
1871 751 1968 784 etiam
1993 750 2101 784 Tabu-

408 813 442 844 la
465 813 493 845 1.
517 813 594 853 Fz‘g,
616 812 629 841 l
647 815 678 841 et
698 810 732 840 2.
751 813 863 849 aperta
887 808 1096 849 conspicitur.

448 869 575 899 Cavitas
596 876 692 907 porro
711 865 798 896 circa
818 865 903 895 Dnil
930 869 975 894 est
1001 864 1195 895 nisi-vesica
1215 864 1285 906 ipsa
1303 886 1313 901 ,
1341 867 1464 895 resecta
1497 866 1619 905 pariete
1653 865 1837 906 superiore,
1870 873 1956 905 (luae
1986 863 2105 896 eadem·

407 926 512 958 vesica
537 923 664 954 Tabula
685 922 727 952 11.
753 921 812 951 sub
836 920 938 951 litera
957 931 974 951 e
995 924 1041 951 est
1061 919 1222 951 delineata
1238 944 1246 956 ‚
1271 921 1398 961 integra
1416 921 1540 961 pariete
1555 921 1730 962 superiore.

453 980 607 1011 Ureteres
626 979 659 1009 in
681 978 767 1008 hanc
788 977 961 1009 cavitatem
982 976 1082 1007 finem
1105 976 1251 1012 faciunt,
1276 976 1368 1017 quod
1386 975 1500 1017 patefit
1520 977 1603 1018 stylo
1623 978 1652 1009 D
1670 975 1787 1008 ureteri
1804 965 1956 1008 immisso·

449 1038 578 1068 Haecee
598 1045 685 1065 nuuc
712 1034 843 1065 vitiosae
872 1032 1096 1064 delineationis
1117 1042 1216 1063 causa
1237 1031 1332 1063 facile
1354 1033 1547 1074 perspicitur
1562 1055 1571 1070 ‚
1595 1034 1620 1064 si
1642 1033 1676 1064 in
1698 1033 1941 1074 dispositionem
1966 1037 1997 1063 et
2022 1042 2103 1065 con-

413 1095 619 1137 junctionem
640 1091 756 1122 harum
775 1090 917 1131 partium
939 1093 1095 1121 accurate
1121 1088 1335 1130 inquiramus,
1380 1089 1459 1120 Cum
1480 1089 1565 1121 enim
1593 1089 1738 1131 superior
1760 1099 1835 1131 pars
1856 1089 1979 1121 vesicae
1996 1089 2105 1120 urina-

413 1151 479 1181 riae
506 1148 681 1180 arctissime
704 1145 878 1177 cohaereat
900 1156 975 1175 cum
992 1145 1114 1184 pariete
1131 1144 1266 1176 cloacae
1290 1143 1463 1180 inferiore,
1487 1145 1562 1175 satis
1583 1145 1705 1185 liquet,
1729 1144 1923 1175 horizontali
1943 1149 1974 1176 et
2001 1149 2105 1176 trans-

409 1206 522 1239 versali
540 1204 698 1239 sectione.
724 1212 789 1243 qua
810 1201 926 1232 cloaca
946 1204 993 1231 est
1014 1203 1149 1240 aperta,
1173 1199 1265 1228 simul
1288 1199 1446 1238 parietem
1478 1201 1676 1238 superiorem
1699 1201 1826 1231 vesicae
1848 1211 1912 1230 esse
1936 1205 2104 1232 resectam.

411 1263 556 1294 Eundem
575 1261 764 1300 adspectum
787 1263 877 1288 certo
896 1256 958 1287 hae
981 1260 1090 1298 partes
1110 1255 1329 1297 praebuissent
1358 1254 1392 1285 in
1413 1253 1530 1284 tabulis
1558 1252 1654 1289 meis,
1680 1253 1706 1283 si
1729 1253 1788 1284 tali
1811 1256 2012 1286 transversali
2034 1267 2105 1288 sec-

411 1320 496 1350 tione
518 1318 668 1349 cloacam
694 1314 907 1356 aperuissem,
931 1313 1037 1345 vesica
1056 1323 1076 1344 a
1103 1313 1239 1348 cloaca,
1273 1310 1456 1342 resecando
1482 1309 1581 1339 telam
1606 1309 1815 1348 cellulosam‚
1840 1311 1989 1343 nondum
2012 1323 2108 1355 sepa.

412 1380 496 1406 rata.
540 1374 616 1404 Pars
646 1372 787 1412 denique
821 1369 966 1402 Tabulae
998 1369 1064 1407 11..
1102 1369 1178 1411 Fzg‘.
1199 1368 1232 1400 4.
1256 1368 1373 1399 Lz'tera
1396 1366 1412 1396 Ι
1443 1365 1612 1402 indicata,
1646 1376 1746 1407 quam
1778 1372 1894 1399 auctor
1917 1367 2018 1401 dicit:
2049 1380 2112 1412 pa.

412 1446 428 1465 «
448 1432 584 1473 pinam,
620 1429 695 1471 peni
726 1428 859 1459 similem
890 1438 948 1468 per
970 1438 1071 1469 quam
1101 1427 1193 1458 urina
1217 1426 1382 1457 emittitur.
1397 1423 1416 1438 '’
1446 1422 1493 1454 nil
1525 1426 1570 1452 est
1592 1422 1652 1452 nisi
1680 1421 1830 1460 urethra‚
1856 1424 1950 1466 cujus
1970 1426 2108 1459 directio

418 1487 547 1519 Tabula
569 1486 597 1517 Ι.
632 1485 708 1526 Fz'gz
729 1485 760 1515 2.
784 1484 948 1515 indicatur
981 1485 1064 1526 stylo
1082 1496 1111 1527 g
1140 1485 1171 1517 ei
1196 1484 1344 1519 inmisso,
1378 1480 1538 1522 cujusque
1565 1478 1726 1510 orificium
1756 1479 1885 1511 Tabula
1908 1481 1935 1513 I.
1970 1482 2048 1525 Fz'g.
2077 1483 2113 1527 1θ

414 1541 609 1584 proponitur
630 1539 687 1570 sub
710 1540 802 1570 litera
827 1549 856 1570 e.

456 1598 572 1629 Vesica
599 1596 740 1625 urinaria
770 1600 815 1625 est
843 1596 1089 1636 receptaculum
1128 1595 1273 1644 diversae
1301 1592 1533 1636 magnitudinis
1566 1602 1606 1624 ac
1638 1592 1832 1634 capacitatis
1869 1594 1903 1627 in
1932 1593 2109 1637 posteriore

418 1658 511 1695 parte
539 1651 610 1683 cavi
633 1650 848 1681 abdominalis
872 1650 1022 1693 positum.

462 1708 501 1738 In
522 1707 635 1749 paucis
654 1707 853 1737 transversim
875 1711 921 1737 est
953 1707 1135 1743 collocata,
1170 1709 1216 1739 uti
1241 1709 1275 1740 in
1306 1708 1404 1740 Cotto
1427 1706 1572 1747 Scorpio
1602 1703 1747 1744 (Tabula
1766 1705 1795 1737 Ι.
1828 1706 1897 1747 Fig.
1920 1705 1975 1748 4.)
2011 1711 2042 1738 et
2072 1708 2104 1740 in

416 1764 522 1805 Rajz's
559 1761 704 1803 (Tabula
726 1762 754 1793 Ι.
779 1761 845 1803 Fig.
869 1762 907 1799 l,
933 1762 966 1794 2.
990 1767 1021 1793 et
1046 1763 1089 1794 11.
1113 1764 1180 1806 Fig.
1198 1764 1275 1806 5.);
1298 1764 1332 1796 in
1362 1763 1542 1795 universum
1577 1762 1734 1794 diameter
1757 1763 2000 1804 longitudinalis
2030 1774 2105 1797 cum

416 1821 532 1852 eodem
553 1819 652 1849 totius
669 1818 815 1859 corporis
838 1819 1001 1849 convenit.
1028 1818 1319 1860 (Pleuronectes,
1344 1820 1477 1859 Perea,
1507 1820 1702 1862 Cypriam,
1727 1819 1824 1851 Esox
1846 1825 1876 1851 et
1897 1821 1990 1862 alii).

459 1877 564 1917 Supra
583 1879 614 1905 et
635 1885 722 1916 pone
744 1875 929 1906 intestinum
948 1880 1073 1906 rectum
1102 1876 1208 1908 vesica
1229 1878 1340 1909 locum
1372 1881 1534 1919 occupat3
1557 1876 1687 1908 inferius
1713 1876 1810 1918 juxta
1832 1886 1903 1908 eam
1930 1882 2038 1919 partes
2053 1888 2108 1921 ge-

417 1934 534 1965 nitales
550 1933 696 1962 internae
721 1932 933 1972 reperiuntur.
979 1931 1032 1962 Ab
1051 1930 1155 1963 hacce
1178 1935 1290 1975 regula
1309 1935 1407 1966 unica
1436 1934 1600 1965 aberratio
1622 1933 1699 1964 mihi
1720 1938 1766 1964 est
1789 1933 1919 1974 cognita
1945 1933 1980 1964 'in
1999 1933 2107 1965 Pleu-

418 1993 555 2021 ‘roneete
573 1988 675 2019 Solea
690 2010 698 2024 ‚
724 1986 816 2028 cujus
834 1987 992 2028 posterior
1014 1988 1139 2020 vesicae
1161 2000 1236 2032 pars
1265 1996 1354 2023 extra
1383 2001 1498 2023 cavum
1534 1990 1741 2022 abdominale
1763 1995 1809 2021 est
1829 1990 1957 2026 locata,
1982 2000 2021 2022 eo
2047 1992 2110 2023 sci-

417 2049 495 2080 licet
514 2047 589 2077 loco
612 2056 678 2087 quo
699 2046 732 2076 in
761 2045 895 2077 caeteris
918 2045 964 2076 sui
991 2047 1114 2087 generis
1142 2047 1251 2080 ovaria
1272 2049 1435 2080 collocata
1457 2048 1678 2080 observantur.
1711 2046 1855 2089 (Tabula
1872 2045 1914 2077 ΙΙ.
1935 2046 2006 2088 Fig.
2026 2047 2086 2089 2.)

460 2103 576 2135 Forma
589 2102 721 2134 “vesicae
743 2102 785 2132 in·
803 2102 917 2142 quovis
937 2102 1003 2133 fere
1024 2113 1141 2145 genere
1164 2104 1289 2137 diversa
1310 2106 1464 2137 cernitur.
1511 2105 1565 2139 Sic
1590 2103 1699 2136 uvalis
1719 2103 1876 2146 reperitur
1909 2103 1921 2146 (
1934 2104 2106 2144 Zoaroes,

420 2161 600 2203 'Cym-inus
624 2158 768 2199 (Tabula
792 2157 835 2190 ΙΙ.
860 2159 928 2202 Fig.
950 2160 1006 2202 8.)
1033 2161 1153 2205 Trzjgla
1180 2163 1324 2206 (Tabula
1342 2163 1371 2195 Ι.
1402 2163 1468 2205 Fig.
1491 2163 1585 2206 5α))
1612 2162 1660 2194 vel
1690 2161 1791 2202 magis
1823 2160 2014 2202 cylindrica
2033 2161 2109 2195 fini-

420 2218 485 2250 bus
501 2215 682 2249 rotundatis
699 2214 826 2257 (Esoae
846 2216 994 2256 lucius,
1016 2217 1154 2262 Perea)
1166 2231 1182 2261 ,·
1206 2218 1354 2253 bz'lobata
1378 2219 1415 2254 id
1436 2225 1498 2257 est,
1520 2209 1659 2265 ureteres
1679 2219 1722 2251 ad
1744 2216 1882 2253 fundum
1907 2224 1980 2261 sunt
1999 2219 2107 2252 inserti

1575 2283 1580 2290 “
1753 2287 1756 2289 “
1916 2283 1921 2289 ’
2073 2280 2106 2308 et
