2278 2880
379 189 421 221 ερ
798 178 837 209 Α.
872 177 899 209 J.
936 178 973 208 D.
1009 175 1309 208 STEENSTRA
1345 175 1651 214 TOUSSAINT,

379 279 465 312 acidi
488 274 568 306 urici
595 272 690 314 copia
712 272 815 303 minor
834 275 894 302 cst.
942 269 1131 302 Secundum
1164 270 1335 311 Fozcrcroy
1361 269 1453 300 urina
1487 270 1563 310 equi
1594 269 1738 301 continet
1766 270 1979 303 carbonatem
2001 268 2071 304 cal}

379 337 439 371 cis,
465 331 648 374 magnesiae
676 333 707 360 et
736 328 857 365 sodae,
884 328 1076 359 benzoatom
1107 328 1224 363 sodae,
1265 326 1446 368 sulphatem
1478 332 1647 368 potamio,
1684 325 1862 359 chloratem
1894 334 2066 370 potassee,

378 401 509 426 ureum,
534 397 666 419 mucum
689 390 721 416 et
742 386 849 416 oleum
868 385 1001 415 rubrum
1023 384 1213 424 quoddam,
1239 384 1292 414 cui
1315 384 1408 414 color
1432 387 1477 413 est
1501 383 1744 416 adscribendus

419 448 534 478 Avium
552 444 644 475 urina
673 443 786 473 eadem
811 442 955 473 continet
984 440 1145 482 principia
1169 450 1207 470 ac
1238 441 1500 471 carnivororum:
1531 440 1687 481 majorem
1716 450 1792 472 vero
1830 441 1976 471 continet
2003 451 2066 472 co-

377 506 464 547 piam
486 501 592 539 acidi,
619 512 637 531 a
659 511 726 541 quo
746 499 909 541 principio
932 498 1028 528 etiam
1054 501 1099 528 est
1135 496 1311 527 derivanda
1342 497 1477 526 materia
1505 497 1560 527 illa
1593 497 1668 528 alba
1703 498 1942 539 pulverulenta,
1968 483 2069 538 quatri

378 560 572 592 offendimus
589 558 622 588 in
645 555 815 598 superficie
845 558 1125 586 excrementorum
1150 552 1264 584 horum
1299 552 1495 584 animalium.
1541 553 1636 583 Acidi
1668 553 1748 583 urici
1770 553 1866 594 copia
1892 558 1936 583 est
1956 554 1990 585 in
2012 564 2065 584 ra-

378 620 465 648 tione
490 616 613 646 directa
640 623 715 644 cum
737 618 853 643 natura
883 611 985 653 magis
1016 611 1158 641 minusve
1183 610 1310 641 azotica
1343 611 1589 646 alimentorum,
1625 610 1671 640 uti
1697 609 1888 640 V‘Vollaston
1921 610 2070 651 probavit

379 675 413 705 in
436 673 546 704 avibus
566 670 762 706 omnivm-is,
788 670 821 700 in
843 668 984 708 Aquita,
1009 667 1145 699 Vulture
1169 671 1200 697 et
1223 667 1310 703 aliis,
1346 668 1379 699 in
1401 666 1518 708 quibus
1548 667 1712 707 quantitas
1733 667 1820 698 acidi
1842 667 1923 698 urici
1945 672 1976 697 et
1996 678 2070 698 ura-

379 733 417 761 tis
439 729 620 760 ammoniae
644 737 745 767 usqne
768 725 810 755 ad
847 724 1016 754 dimidiam
1048 724 1171 765 repleat
1204 730 1340 765 partem.
1385 723 1422 755 In
1442 722 1641 764 serpentibus
1664 723 1754 753 urina
1778 723 1956 754 secundum
1981 724 2072 754 Las-

383 788 506 828 saz'gne
542 789 587 816 est
616 782 843 815 consistentiae
870 781 1087 822 butyraceae,
1122 779 1299 811 indurescit
1331 781 1397 812 aeri
1427 781 1570 822 exposita
1606 784 1638 811 et
1667 785 1794 811 constat
1816 790 1853 811 ex
1880 781 1977 812 acido
2002 781 2068 811 uri-

382 854 496 875 eorum
519 842 582 873 fere
602 850 698 882 puro.
1418 873 1422 877 ⁸

422 900 519 931 Urina
540 898 749 928 Lacertarum
768 895 833 925 fere
858 898 904 925 est
924 893 1050 924 eadem.
1095 893 1189 923 Jolm
1215 893 1318 935 Dcwy
1347 895 1379 926 in
1411 905 1448 925 ea
1484 892 1665 926 Crocodilis
1695 896 1823 933 praeter
1853 891 1984 923 acidum
2006 892 2071 923 uri·-

382 967 456 988 cum
471 978 479 991 ,
506 954 719 986 carbonatem
742 956 773 982 et
795 950 1010 992 phospliatem
1034 950 1133 981 calcis
1155 951 1281 990 reperit.

424 1012 516 1042 ldem
547 1011 594 1042 vir
622 1010 713 1041 doct.
747 1008 845 1039 etiam
881 1006 1062 1038 observavit
1094 1006 1219 1037 urinam
1252 1006 1420 1038 Ranarum
1454 1007 1679 1048 exceptionem
1700 1005 1806 1036 facere
1832 1005 1865 1037 in
1890 1005 1952 1037 hac
1973 1007 2071 1047 classe

381 1068 587 1104 animalium3
612 1070 658 1096 est
678 1064 762 1096 enim
783 1062 937 1104 limpida,
964 1067 1184 1103 transparens,
1210 1063 1370 1105 insipida,
1397 1064 1507 1095 odoris
1531 1066 1596 1096 sere
1613 1062 1741 1094 nullius.

424 1124 465 1155 In
484 1124 665 1154 universum
682 1121 754 1163 jam
777 1119 1040 1151 concludendum
1059 1129 1168 1150 omnes
1190 1119 1256 1149 fere
1276 1120 1387 1150 urinae
1405 1121 1527 1160 species
1554 1121 1603 1151 vel
1638 1130 1696 1161 per
1719 1119 1874 1160 plurimas
1904 1120 2072 1150 continere

383 1192 506 1212 ureum.
554 1180 590 1210 ln
613 1178 703 1209 urina
729 1176 895 1207 hominum
920 1179 950 1204 et
984 1175 1227 1204 carnivororum
1260 1175 1416 1214 imprimis
1434 1175 1631 1216 pliosphates
1661 1175 1886 1215 hospitantur;
1909 1176 1942 1205 in
1973 1175 2080 1206 herbi-

389 1239 473 1270 voris
507 1235 703 1278 pliosphates
733 1233 857 1264 desunt.
906 1231 1083 1261 Benzoates
1116 1234 1146 1260 et
1175 1219 1369 1260 carbonates
1389 1228 1458 1270 ejus
1482 1230 1592 1260 locum
1615 1229 1786 1269 supplent,
1812 1238 1886 1259 cum
1914 1235 2082 1270 praeterea

388 1296 484 1336 vulgo
505 1293 648 1335 lzirodunt
673 1290 816 1321 indolem
836 1288 1011 1319 alcalinam
1030 1293 1063 1318 et
1088 1286 1189 1318 odore
1212 1291 1243 1317 et
1263 1287 1373 1318 colore
1394 1285 1538 1327 gaudent
1560 1283 1713 1327 specifico
1727 1307 1734 1321 .
1772 1285 1845 1316 oleo
1868 1286 1999 1317 cuidam
2024 1298 2082 1319 vo-

386 1352 468 1384 latili
494 1347 758 1380 adscribendum.

431 1408 529 1439 Urina
545 1407 577 1436 in
599 1401 825 1436 mammalibus
845 1403 980 1443 paratur
1002 1401 1035 1431 in
1057 1398 1203 1430 flexubus
1222 1399 1412 1441 serpentinis
1445 1399 1581 1430 arteriae
1604 1399 1737 1435 renalis,
1771 1398 1846 1429 dein
1875 1405 2023 1440 penetrat
2044 1401 2079 1433 in

391 1466 508 1496 ductus
534 1461 702 1493 uriniseros
733 1463 764 1490 et
797 1457 839 1489 ad
871 1457 1010 1499 papillas
1041 1456 1205 1493 defertur,
1244 1467 1281 1486 ex
1307 1466 1445 1497 quarum
1473 1455 1603 1487 orificiis
1633 1456 1725 1497 quasi
1754 1455 1905 1487 destillat.
1957 1457 2082 1489 Causae

393 1521 509 1563 quibus
529 1520 562 1549 in
583 1517 712 1549 renibus
732 1515 825 1546 urina
843 1519 995 1556 paretur,
1019 1513 1116 1554 plane
1135 1513 1266 1553 ignotae
1290 1516 1375 1544 sunt.
1420 1512 1564 1553 Systema
1584 1523 1735 1543 nerveum
1760 1512 1847 1544 hanc
1873 1499 2085 1545 secretionem

393 1578 594 1637 gubernaret,
619 1577 711 1614 patet
737 1582 775 1602 ex
798 1581 858 1609 eo,
882 1570 973 1610 quod
995 1580 1013 1600 a
1033 1569 1147 1609 quovis
1170 1569 1267 1599 animi
1293 1573 1383 1598 motu
1414 1569 1525 1599 urinae
1549 1569 1684 1599 secretio
1713 1574 1865 1600 mutetur.
1910 1569 1962 1601 Sic
1984 1575 2085 1602 terror

393 1640 425 1665 et
455 1630 581 1664 nervosi
609 1628 743 1659 affectus
775 1627 900 1657 urinam
931 1624 1089 1667 pallidam
1118 1623 1272 1655 reddunt.
1317 1622 1350 1653 Si
1381 1634 1498 1665 corpus
1526 1625 1658 1664 languet
1685 1626 1778 1654 urina
1815 1625 1913 1655 etiam
1942 1619 2085 1667 maligna

396 1691 478 1721 ssuit.
524 1686 657 1726 Quoties
677 1685 711 1715 in
730 1683 851 1714 morbis
874 1682 954 1714 vires
975 1682 1183 1712 restituuntur
1198 1680 1292 1710 urina
1315 1680 1411 1710 etiam
1434 1681 1476 1711 ad
1498 1679 1679 1710 naturalem
1695 1680 1837 1710 indolem
1860 1679 1954 1732 redit.
2062 1678 2068 1690 ¹

440 1747 478 1777 In
505 1743 618 1776 ceteris
644 1740 855 1795 animalibus,
892 1738 1002 1771 avibus
1029 1738 1177 1775 scilicet,
1211 1735 1400 1778 amphibiis,
1437 1736 1577 1778 piscibus
1613 1740 1677 1767 ete.
1711 1736 1836 1767 urinam
1877 1736 1997 1767 secerni
2024 1729 2087 1778 pro

397 1803 538 1835 maxima
561 1803 653 1841 parte
673 1809 709 1829 ex
733 1807 852 1829 venoso
875 1795 1032 1837 sanguine
1051 1795 1283 1827 Jacobsonz'us
1306 1797 1423 1824 auctor
1448 1798 1505 1825 est.
1551 1793 1653 1824 Series
1684 1793 1768 1823 enim
1799 1793 2090 1834 experimentorum

401 1859 571 1891 certiorem
589 1866 662 1887 eum
682 1854 809 1891 reddit,
837 1853 986 1885 exsistere
1005 1852 1172 1894 peculiare
1193 1854 1329 1892 systema
1347 1860 1498 1881 venosum
1517 1849 1551 1882 in
1570 1849 1657 1881 hisce
1679 1848 1886 1886 animalibus,
1912 1859 1987 1881 cum
2008 1843 2088 1883 vena

401 1920 568 1960 portarum
584 1911 710 1953 hepatis
735 1909 1016 1951 comparandum,
1042 1910 1095 1941 cui
1119 1908 1330 1940 secretionem
1352 1907 1464 1938 urinae
1487 1906 1608 1938 tribuit.

446 1972 486 2003 In
506 1969 648 2012 piscibus
669 1968 733 1999 hoc
751 1971 887 2008 systema
911 1970 1038 2007 egomet
1059 1966 1156 1996 etiam
1177 1965 1243 1997 vidi
1274 1969 1305 1995 et
1335 1963 1490 2005 descripsi
1519 1964 1553 1995 in
1583 1963 1769 1995 anatomica
1802 1959 1898 2004 hujus
1931 1967 2091 1995 tractatus

405 2035 512 2072 parte.
558 2024 643 2056 Clar.
662 2022 835 2054 Jacobson
856 2022 954 2052 etiam
971 2022 1004 2053 in
1016 2021 1179 2053 molluscis
1201 2021 1378 2054 observavit
1394 2031 1549 2063 magnum
1567 2031 1721 2053 venarum
1738 2014 1905 2051 numerum
1926 2019 2091 2052 confluere

407 2086 450 2118 ad
468 2092 600 2116 saccum
621 2081 667 2111 ita
686 2080 810 2111 dictum
830 2078 1028 2110 calcareum.

452 2140 551 2181 Quod
563 2147 651 2170 nunc
675 2137 791 2167 attinet
811 2135 854 2167 ad
876 2136 1088 2168 secretionem
1116 2135 1228 2168 urinae
1257 2145 1316 2177 per
1341 2144 1456 2172 venas,
1494 2134 1586 2166 multi
1618 2133 1747 2166 fuerunt
1767 2132 1826 2175 qui
1845 2142 1975 2164 omnem
1997 2133 2095 2164 talem

410 2197 623 2231 secretionem
646 2200 818 2235 negarunt.

429 2246 434 2250 ”
452 2254 571 2287 Dicunt
591 2251 670 2284 tales
687 2249 805 2284 nullibi
825 2260 940 2283 venam
963 2248 1128 2282 adducere
1155 2249 1343 2293 sanguinem
1370 2248 1510 2282 cuidam-
1523 2256 1649 2290 organo
1681 2246 1724 2280 ad
1748 2238 2091 2284 secretionem'necffl,

2037 2311 2090 2332 ,a-
