2278 2880
395 167 436 200 10
802 161 844 193 A.
883 161 911 193 J.
939 160 986 192 Ἰ).
1024 158 1330 191 STEENSTRA
1362 157 1679 197 TOUSMtNT,

440 258 561 290 Cottas
585 254 728 295 Scorpio
757 262 847 284 renes
879 251 978 283 habet
1001 251 1034 283 in
1064 251 1223 284 anteriore
1250 256 1343 293 parte
1367 251 1514 293 quodam
1539 251 1647 293 capite
1675 251 1863 294 triangulari
1887 253 2080 293 instructos.

396 314 487 356 qnod
517 323 575 355 per
600 315 726 353 partem
748 309 966 351 angustiorem
987 319 1061 340 cum
1087 314 1196 340 cetero
1219 319 1294 340 rene
1318 309 1549 341 communicat.
1573 308 1674 350 (Tab.
1697 308 1723 339 1.
1746 308 1791 351 fig
1823 310 1874 352 b.)
1919 311 1957 342 In
1977 311 2087 344 Pleu-

393 369 566 401 ronectc‘de
600 368 746 399 maximo
778 366 880 397 lobati
911 366 1172 408 conspiciuntur,
1208 366 1242 397 in
1277 365 1540 397 Pleni-onectz‘cle
1566 365 1670 396 Solea
1696 365 1849 407 singulari
1878 367 1978 399 modo
2001 379 2077 410 pars

393 428 524 459 inferior
546 425 704 468 posterius
731 428 821 455 extra
848 434 964 454 cavum
999 422 1208 454 abdominale
1239 433 1270 453 se
1298 423 1491 462 extendens,
1521 423 1658 455 crassior
1685 427 1749 460 est;
1772 422 1806 454 in
1833 423 2015 455 universum
2047 426 2082 456 in

394 485 458 516 hoc
482 493 598 526 genere
619 482 756 524 piscium
778 491 870 511 renes
898 490 936 510 co
957 480 1032 511 loco
1051 480 1135 510 mole
1160 484 1334 521 augentur,
1358 490 1425 520 quo
1448 490 1467 510 a
1489 480 1640 510 columna
1672 478 1843 510 vertebrali
1865 481 1995 512 inferius
2021 481 2081 512 de·

393 540 563 572 scendunt.
586 556 629 562 ——
653 538 776 577 Quibus
808 548 894 568 nunc
924 536 1038 578 paucis
1061 537 1215 577 exemplis
1232 535 1303 578 jam
1336 536 1410 566 satis
1441 541 1568 568 constat
1600 536 1738 577 figuram
1759 546 1870 566 renum
1888 536 1922 568 in
1943 537 2083 578 piscibus

395 598 531 628 eandem
553 605 678 636 semper
698 605 764 625 non
780 604 846 624 esse
870 593 927 624 sed
949 593 1125 630 diversam
1150 592 1214 623 imo
1233 593 1342 624 inuno
1356 593 1538 634 codemque
1561 603 1676 634 genere
1695 604 1829 634 magnas
1847 593 2010 625 observari
2030 594 2082 625 di·

394 656 567 685 versitates.
614 652 666 684 Sic
687 652 784 682 etiam
795 651 888 681 Doct.
901 649 996 681 Kahl
1019 649 1143 690 (N0.2.
1166 660 1239 691 pag.
1255 649 1339 690 1:36.)
1366 660 1456 680 renes
1471 649 1564 682 Gadi
1589 650 1799 681 Carbonaric'
1820 650 1973 681 describit
1995 661 2085 682 cras-

393 723 461 749 ι905,
488 711 544 742 sed
570 710 696 745 breves,
721 718 787 738 non
820 707 862 737 ad
888 707 1012 748 spinam
1033 710 1179 736 extensos
1199 706 1255 737 sed
1284 707 1359 738 colli
1387 706 1539 738 vertebris
1562 708 1744 749 appositos,
1778 707 1855 738 lieet
1879 708 1962 738 aliae
1988 707 2085 750 hujus

396 768 517 810 generis
540 767 678 808 species,
709 764 828 796 Gaclas
855 763 971 794 Molva
986 787 994 800 ,
1021 762 1140 793 Gadus
1165 762 1335 801 Mustela,
1364 763 1484 795 Gadas
1509 763 1734 805 Aeglesimcs,
1758 774 1848 795 renes
1869 763 2029 806 oblongos
2051 769 2083 795 et

394 826 432 855 ad
456 825 581 866 spinam
600 824 807 853 decurrentes
832 820 964 851 liabent.
1012 819 1092 850 Cum
1114 820 1219 850 nullus
1238 819 1320 857 sere,
1348 821 1404 862 qui
1425 822 1504 853 mihi
1527 822 1570 852 ad
1594 831 1708 852 manus
1722 825 1768 851 est
1784 825 1900 851 auctor
1926 820 1968 851 ad
1992 831 2086 862 mag-

393 881 572 913 nitudinem
595 883 625 909 et
648 877 776 920 pondus
803 887 916 907 renum
939 876 1131 914 attenderit,
1156 876 1254 907 etiam
1269 886 1330 917 ego
1351 887 1388 908 ex
1412 879 1527 920 paucis
1551 878 1628 909 meis
1650 866 1927 908 obse‘rvationibus
1949 877 2086 908 conclu-

392 941 514 970 sionem
534 936 717 979 generalem
738 943 920 976 proponore
940 933 989 963 vix
1012 932 1129 963 audeo.
1173 932 1339 963 Tenebant
1359 939 1468 965 autem
1499 945 1590 966 renes
1620 944 1731 966 eorum
1763 943 1846 975 quos
1866 943 1927 974 ego
1953 933 2085 965 investi·

394 995 466 1036 gavi
489 994 607 1036 pisces,
633 993 716 1023 inter
738 991 864 1021 tertiam
889 994 920 1019 et
945 989 1094 1029 quintam
1106 992 1231 1029 partem
1252 989 1463 1031 longitudinis
1485 992 1582 1022 totius
1601 991 1719 1033 piscis,
1744 994 1776 1021 et
1803 989 1953 1032 profecto
1976 989 2089 1021 viden-

395 1058 445 1083 tur
467 1061 555 1082 renes
575 1049 678 1080 multo
704 1046 844 1088 majores
862 1055 926 1075 csse
953 1045 986 1075 in
1009 1044 1168 1086 piscibuS,
1198 1046 1322 1077 ratione
1344 1047 1456 1079 habita
1471 1049 1568 1080 totius
1589 1047 1751 1089 corporis,
1777 1057 1877 1087 quam
1896 1047 1929 1077 in
1951 1046 2084 1086 reliquis

395 1108 607 1144 animalibus,
634 1115 699 1147 qua
723 1103 763 1134 de
794 1113 827 1133 re
850 1102 946 1132 etiam
981 1102 1184 1133 consentiunt
1208 1102 1264 1133 viri
1296 1103 1384 1135 Clar.
1420 1103 1548 1136 Cuvz'cr
1577 1104 1656 1146 (No.
1672 1103 1705 1135 5.
1733 1113 1811 1144 pag.
1832 1102 1934 1143 637.)
1957 1102 2083 1134 Ramm-

396 1165 477 1207 (No.
499 1165 550 1194 13.
581 1172 657 1204 pag.
681 1158 778 1200 381.)
805 1157 973 1189 Berllzold
998 1158 1082 1198 (No.
1105 1159 1156 1189 12.
1187 1169 1264 1199 pag.
1278 1159 1376 1200 577.)
1406 1160 1537 1202 aliique.

436 1221 475 1252 In
495 1217 627 1261 Squalo
654 1216 806 1252 Glauco,
832 1214 924 1256 cujus
944 1214 1087 1245 sceleton
1112 1212 1154 1243 ab
1175 1213 1269 1254 apice
1292 1215 1362 1244 nasi
1384 1216 1427 1246 ad
1448 1217 1577 1257 apicem
1614 1217 1741 1245 caudae
1760 1225 1812 1244 sex
1834 1215 1932 1255 pedes
1952 1216 2084 1259 longum

394 1283 482 1315 crat,
516 1276 599 1307 renis
617 1273 789 1316 longitudo
809 1270 955 1313 aequalis
974 1274 1042 1301 erat
1065 1269 1256 1311 quindecim
1280 1270 1476 1312 digitorum,
1500 1270 1641 1302 latitudo
1666 1275 1776 1302 autem
1798 1270 1894 1301 trium
1913 1270 2092 1313 digitorum

396 1336 480 1377 (No.
501 1333 554 1364 26.
575 1342 652 1374 pag.
677 1331 732 1372 S.)
778 1329 876 1361 Color
898 1337 1011 1359 renum
1034 1337 1072 1358 ex
1092 1326 1192 1358 rubro
1212 1327 1245 1358 in
1268 1328 1471 1366 coeruleum,
1495 1327 1622 1359 fuscum
1642 1327 1692 1358 vel
1715 1327 1843 1369 nigrum
1866 1327 1955 1368 abit,
1990 1328 2089 1360 etiam

393 1392 471 1423 flavi
501 1389 705 1432 reperiuntur
735 1387 782 1419 uti
810 1384 918 1418 Bloch
941 1388 1100 1415 memorat
1131 1384 1173 1416 de
1199 1384 1351 1416 Blennz'o
1383 1384 1532 1417 Plzolc'de
1561 1385 1643 1426 (No.
1664 1383 1716 1414 16.
1750 1383 1840 1414 Tom.
1858 1383 1902 1416 II.
1936 1394 2013 1427 pag.
2032 1384 2090 1426 4.)

393 1448 607 1480 Consistentia
629 1447 662 1477 in
691 1445 873 1477 universum
897 1443 1021 1480 mollis,
1046 1442 1225 1484 posteriora
1251 1452 1355 1474 versus
1377 1442 1546 1483 paululum
1567 1442 1788 1474 indurescens.
1834 1440 1988 1472 Antei-ius
2011 1451 2088 1473 vero

391 1515 486 1547 saepe
508 1503 710 1546 spissitudine
733 1502 920 1543 sanguinem
940 1500 1107 1541 paululum
1131 1499 1342 1540 coagulatum
1365 1509 1433 1530 non
1454 1504 1620 1541 superant.
1674 1499 1726 1529 Ita
1748 1499 1782 1528 in
1804 1508 1921 1539 genere
1947 1498 2085 1540 Tre'gla,

399 1562 517 1601 Gado,
541 1561 675 1595 Perea,
704 1559 875 1600 Cyprz'no,
901 1556 1164 1589 Pleuroneclc‘de
1189 1560 1221 1586 et
1245 1555 1327 1586 aliis.

436 1619 475 1649 In
495 1616 721 1658 Accepensere
746 1612 923 1644 substantia
946 1621 1059 1643 renum
1078 1610 1150 1653 jam
1172 1612 1272 1654 paulo
1294 1611 1406 1643 durior
1430 1611 1564 1648 dicitur,
1602 1610 1722 1652 pariter
1755 1620 1796 1641 ae
1817 1611 1850 1641 in
1878 1610 2082 1653 Cycloptero

394 1676 542 1716 Lampo,
570 1672 665 1703 Cotto
690 1671 894 1712 Scorpione,
922 1669 1117 1701 etBlenm'o
1131 1670 1286 1710 vz'vz'paro
1310 1668 1393 1710 (No.
1404 1667 1458 1698 23.
1482 1678 1556 1709 pag.
1568 1667 1648 1708 53.)
1692 1667 1798 1697 Etiam
1816 1666 1945 1708 Squalc'
1960 1671 1990 1698 et
2012 1667 2085 1698 Ra-

386 1744 452 1774 Jae
484 1740 575 1762 renes
595 1728 831 1770 compactiores
851 1727 1003 1758 dicuntur
1036 1736 1135 1768 quam
1162 1730 1344 1757 ceterorum
1365 1725 1505 1766 piscium
1534 1723 1618 1766 (No.
1635 1723 1690 1754 26.
1714 1734 1790 1765 pag.
1809 1722 1887 1762 27.)
1930 1723 2083 1756 Exsicca-

396 1791 482 1820 tione
500 1796 612 1818 renum
630 1784 808 1815 substantia
832 1783 875 1814 ad
897 1793 1034 1814 massam
1057 1783 1313 1825 pulverulentam
1335 1781 1580 1823 fusco-nigram
1602 1780 1778 1812 reducitur.

438 1845 549 1876 Facies
569 1852 681 1874 renum
704 1841 835 1872 inferior
847 1841 966 1882 tegitur
988 1840 1178 1882 peritonaeo
1203 1844 1234 1871 et
1254 1840 1287 1870 in
1309 1838 1471 1870 nonnullis
1490 1838 1591 1868 multa
1613 1838 1675 1868 tela
1697 1837 1850 1869 cellulosa
1871 1837 1963 1878 quod
1981 1837 2083 1880 inpri-

395 1903 452 1934 mis
473 1903 507 1933 in
530 1898 650 1941 Trz'gla
668 1897 844 1929 observavi.
889 1897 997 1929 Renes
1015 1897 1075 1938 ipsi
1106 1896 1351 1928 circumdantur
1378 1894 1569 1926 membrana
1597 1894 1781 1925 tenuissima
1802 1894 1953 1936 propria,
1986 1904 2083 1936 saepe

396 1958 546 1990 coeruleo
574 1956 624 1987 vel
653 1959 806 1996 argenteo
831 1954 998 1995 pigmento
1022 1954 1140 1991 tincta,
1165 1957 1257 1995 quae·
1273 1958 1341 1984 tam
1368 1956 1458 1984 arcte
1481 1962 1557 1984 cum
1585 1950 1764 1982 substantia
1786 1950 1855 1991 ipsa
1882 1960 1995 1980 renum
2021 1960 2080 1982 co-

394 2016 505 2046 haeret
527 2017 562 2042 ut
585 2011 774 2043 difficillime
799 2011 841 2041 ab
863 2021 901 2041 ea
929 2010 1008 2041 solvi
1030 2010 1140 2051 possit.

434 2071 599 2112 Adspectu
621 2073 752 2099 externo
779 2078 868 2099 renes
896 2067 1039 2098 universe
1069 2066 1324 2108 homogeneam,
1358 2065 1544 2098 indefissam
1575 2064 1746 2097 ostendunt
1774 2073 1933 2101 massam,
1967 2064 2075 2096 multis

393 2129 473 2160 vasis
494 2130 731 2169 perreptatam,
766 2123 857 2165 quod
879 2124 999 2165 optime
1023 2128 1159 2165 apparet
1181 2124 1214 2155 in
1236 2123 1405 2165 generibus
1431 2122 1599 2165 Cypriae,
1631 2121 1762 2158 Perea,
1788 2120 2074 2159 Pleuroneetc'de,

397 2185 533 2227 Trz'gla,
559 2188 590 2214 et
613 2183 646 2213 in
666 2181 846 2212 uuiversum
871 2181 904 2211 in
927 2180 1075 2211 omnibus
1099 2180 1277 2212 minoribus
1304 2180 1457 2222 piscibus.
1502 2179 1742 2219 Nonnunquam
1770 2187 1860 2208 renes
1882 2188 1921 2209 ex
1943 2178 2077 2210 minori·

392 2243 451 2274 hus
472 2240 616 2282 partibus
643 2237 777 2270 conflati
801 2242 978 2278 apparent,
1002 2237 1077 2268 licet
1108 2236 1169 2267 hae
1195 2241 1302 2278 partes
1331 2247 1398 2268 non
1423 2237 1467 2267 ita
1488 2239 1654 2277 separatae
1681 2238 1754 2265 sunt
1790 2234 1883 2265 acin
1913 2234 2075 2266 nonnullis

391 2296 631 2333 mnmmalfflus,
664 2293 757 2336 cujus
788 2294 833 2325 rei
860 2295 1005 2336 exemplo
1035 2294 1073 2325 sit
1095 2293 1208 2336 Raja,
1234 2293 1327 2336 cujus
1347 2303 1454 2326 renem
1473 2292 1634 2324 sinistrum
1658 2290 1713 2333 fig.
1734 2290 1767 2323 4.
1799 2291 1866 2323 tab.
1887 2291 1915 2323 Ι.
1945 2291 1989 2324 ad
2011 2300 2074 2322 na-

2025 2351 2078 2377 tu·
