2278 2880
440 153 736 188 nesroasm
772 162 821 184 Α»
857 149 1222 193 QUAESTIONEM
1256 142 1598 189 ΖοὸιοοῐοΑΜ.
1831 158 1866 191 11

193 255 297 282 turam
320 247 492 280 delineavi.
536 247 644 279 Etiam
665 257 703 277 ex
733 244 813 275 Tab.
832 244 876 275 11.
899 243 965 285 Fig.
988 241 1039 280 4.,
1065 254 1151 285 quae
1180 249 1227 276 est
1256 246 1387 278 decima
1423 247 1456 278 in
1481 257 1578 289 opere
1608 246 1651 279 A.
1673 247 1829 290 Monroz‘,
1855 264 1874 284 a

191 305 391 338 Schneidero
409 305 497 336 edito
511 328 518 342 ,
544 303 686 335 dilucide
706 306 795 344 patet
818 312 910 332 renes
927 311 965 332 ex
987 301 1134 342 pluribus
1155 303 1300 342 partibus
1320 305 1496 335 minoribus
1519 311 1678 338 constare.

232 361 421 394 Substantia
444 372 549 393 rerum
574 361 700 392 interna
726 360 823 401 plane
845 363 891 389 est
910 358 1110 400 homogenea
1135 359 1167 390 in
1188 360 1334 402 pluribus
1361 362 1503 402 piscibus
1517 385 1524 398 ‚
1559 363 1707 405 adeoque
1729 368 1765 395 ut
1790 364 1875 396 duae

186 420 261 452 illae
282 419 479 451 substantiae
507 429 587 460 quas
607 417 772 448 hominum
806 427 836 448 v.
860 427 889 447 c.
913 425 1004 446 renes
1039 416 1212 447 ostendunt
1244 418 1335 447 nullo
1361 418 1459 449 modo
1487 418 1625 449 discerni
1657 421 1789 461 possint.
1834 421 1873 453 In

183 477 348 509 nonnullis
371 487 447 508 vero
463 474 649 518 generibus,
674 484 741 515 quo
761 473 923 514 pertinent
950 471 1088 509 Gaclus,
1114 472 1212 505 Esox
1245 479 1277 505 et
1304 475 1551 507 Plezcronectes
1576 478 1680 517 grumi
1714 479 1761 509 vel
1781 479 1871 520 parvi

187 533 311 576 globuli
333 534 413 575 nigri
444 532 519 564 huic
554 542 676 562 massae
707 531 927 572 homogeneae
957 528 1149 567 inhaerent,
1175 531 1230 572 qui
1253 532 1277 562 si
1308 533 1516 574 microscopii
1539 543 1601 574 ope
1625 534 1875 575 investigantur,

187 602 227 623 ex
250 590 424 622 innumeris
458 589 556 620 etiarn
589 588 767 619 minoribus
791 586 929 628 globulis
960 592 1109 618 constare
1141 594 1319 631 appare-nn
1344 592 1439 632 plane
1470 595 1576 621 autem
1606 597 1799 622 evanescunt
1819 593 1873 622 illa

181 651 375 693 corpuscula
401 650 425 680 si
450 649 627 681 substantia
651 658 736 688 aqua
761 647 903 677 diluitur.
951 646 1032 678 Cum
1053 651 1176 678 armato
1209 647 1306 678 oculo
1330 648 1557 689 contempleris
1590 648 1673 679 renis
1706 648 1873 689 frustulum

180 707 213 739 id
237 717 273 738 ex
292 706 471 739 convolutis
491 703 643 735 ductibus
663 703 850 746 sanguil'eris
874 707 906 734 et
929 702 1089 734 urinifcris
1122 703 1310 735 consectum
1343 709 1496 745 apparet,
1533 704 1650 744 quibus
1673 716 1748 737 vero
1771 707 1874 748 magis

179 764 324 795 minusve
344 767 453 805 aperte
475 761 640 793 inhaerent
663 761 717 792 illa
738 761 829 792 dicta
855 761 1061 802 corpuscula.
1108 760 1260 791 Omnium
1295 760 1436 802 (lenique
1468 762 1648 799 ductuum,
1675 767 1706 793 et
1737 773 1873 805 corpus-

182 821 329 852 culorum
348 819 517 850 intervalla
541 818 676 849 materia
701 818 925 860 homogenea,
950 818 1011 848 seri
1032 818 1196 860 sanguinis
1217 819 1330 855 simili,
1355 819 1488 861 impleta
1506 824 1589 852 sunt.

221 877 363 910 lietzias
386 876 461 918 (26.
492 886 566 918 pag.
586 875 712 917 8—9)
748 887 863 907 renem
903 875 1034 918 Squalz'
1063 875 1190 908 Glauci
1216 875 1264 906 his
1299 875 1402 907 verbis
1425 876 1610 918 descripsit:
1646 876 1872 919 Parenchyma

179 935 317 966 obscure
346 933 479 964 rubrum
508 932 598 963 lineis
628 932 840 963 lucidioribus
868 931 1041 963 fasciatum
1074 933 1325 973 glomerulisque
1346 936 1534 963 contextum
1558 937 1604 963 est
1664 933 1777 965 Fibrae
1803 938 1875 966 ten-

179 992 295 1023 dineae
320 989 542 1033 parenchyma
562 994 727 1021 transeunt
750 990 967 1031 divergente5‚
992 989 1132 1019 maxima
1149 999 1187 1019 ex
1202 994 1294 1029 parte
1317 989 1358 1018 ab
1383 989 1577 1029 aponeurosi
1596 989 1745 1020 inferiore
1771 995 1873 1022 ortae.

176 1048 299 1080 Tunica
322 1048 405 1079 renis
426 1058 533 1079 crassa
554 1047 664 1079 valida
684 1051 716 1078 et
743 1046 883 1083 fibrosa,
910 1045 1077 1077 tendinum
1105 1047 1138 1077 in
1169 1046 1304 1077 modum
1337 1045 1525 1087 splendens,
1560 1047 1750 1088 aponeurosi
1779 1048 1869 1079 dicta

178 1116 338 1137 connexa.
361 1121 406 1130 —
426 1106 542 1148 Rajae
576 1106 734 1137 clavatae
767 1116 875 1136 renem
905 1105 1004 1147 (ibid.
1029 1115 1108 1147 pag.
1136 1103 1211 1144 11.)
1248 1102 1329 1134 dicit
1359 1113 1396 1133 ex
1423 1103 1646 1144 duodeviginti
1673 1104 1757 1135 lobis
1788 1115 1870 1136 con·

173 1167 260 1194 stare
291 1162 416 1194 interne
458 1162 611 1195 connexis
647 1162 785 1194 obscure
827 1163 970 1201 carneis,
1004 1164 1137 1204 propria
1170 1161 1362 1192 membrana
1400 1160 1487 1192 tenui
1523 1165 1554 1191 et
1591 1161 1698 1193 tenaci
1729 1162 1870 1195 inclusis.

173 1221 325 1252 Ureteres
345 1231 362 1251 e
383 1230 517 1262 quoque
537 1220 615 1251 lobo
636 1231 761 1251 ramum
783 1221 963 1263 accipiunt.
1007 1221 1046 1252 In
1069 1220 1165 1261 Raja
1187 1217 1423 1258 Bcasdeffidem
1442 1217 1489 1248 vir
1510 1217 1646 1248 Doctiss.
1671 1216 1767 1260 (pag.
1786 1220 1863 1261 21.)

170 1277 206 1310 in
225 1288 358 1320 quoque
384 1288 460 1308 rene
487 1275 642 1308 undecim
669 1277 726 1307 sed
755 1287 870 1318 parum
902 1277 1090 1319 perspicuos
1119 1275 1211 1307 lobos
1233 1273 1324 1305 vidit.
1371 1273 1518 1315 Denique
1554 1274 1587 1305 in
1615 1275 1797 1307 universum
1825 1277 1867 1308 de

168 1338 330 1366 structura
356 1344 468 1364 renum
496 1333 623 1375 qucalc‘
656 1332 687 1364 et
709 1332 824 1374 Rajae
857 1333 1025 1375 disputans
1062 1347 1080 1366 «
1099 1343 1246 1365 vasorum
1263 1354 1272 1366 ,
1296 1330 1425 1372 inquit,
1460 1331 1696 1372 uriniparorum
1725 1333 1866 1365 radiculi

167 1390 204 1422 in
228 1395 359 1422 truncos
378 1389 593 1432 penicillatim
612 1389 825 1432 colligentur,
850 1395 885 1421 ut
908 1391 1014 1423 trunci
1035 1391 1167 1422 maximi
1189 1394 1328 1421 ureteres
1350 1389 1422 1420 sint.
1467 1388 1680 1430 Parenchyna
1711 1391 1864 1432 pallidius

169 1451 202 1480 et
228 1447 345 1480 minori
376 1457 525 1480 vasorum
557 1447 813 1490 sanguirerorum
848 1458 984 1481 numero
1017 1449 1210 1481 instructum
1241 1451 1307 1484 est,
1341 1456 1442 1489 quam
1471 1445 1505 1478 in
1545 1447 1660 1478 ceteris
1686 1448 1861 1489 piscibus'’

169 1504 271 1547 (pag.
288 1503 369 1541 27.)
821 1546 826 1553 ι

208 1561 250 1593 In
273 1561 726 1603 Petromyzonlefluve'ae‘a'lc*
750 1573 842 1594 renes
870 1564 918 1594 uti
941 1562 1077 1594 Rathlce
1108 1567 1244 1594 testatur
1280 1561 1362 1600 (No.
1384 1563 1439 1593 23.
1472 1572 1505 1602 p.
1526 1561 1603 1603 52.)
1639 1568 1789 1596 constant
1820 1574 1859 1598 ex

166 1615 287 1648 tubulis
308 1617 414 1658 parvis
439 1623 470 1649 et
490 1619 704 1660 penicillatim
729 1619 794 1649 fere
812 1618 1018 1661 conjunctis,
1043 1619 1100 1662 qui
1120 1619 1184 1650 tela
1206 1618 1361 1650 cellulosa
1385 1618 1470 1648 inter
1489 1628 1522 1648 sc
1546 1618 1674 1660 juucti,
1701 1624 1860 1652 transver-

165 1673 227 1705 sim
250 1684 306 1716 per
327 1684 418 1705 renes
439 1680 574 1706 currunt
596 1685 702 1707 versus
718 1679 857 1706 ureteres
877 1676 977 1717 inque
1008 1686 1062 1707 eos
1083 1676 1187 1718 aperti
1214 1685 1273 1717 per
1302 1675 1404 1706 multa
1434 1675 1627 1707 foraminula
1651 1676 1694 1708 ad
1724 1679 1861 1710 exterio—

166 1741 235 1762 rem
255 1731 339 1762 renis
361 1732 540 1773 marginem
563 1731 683 1762 locata.

208 1786 254 1818 De
274 1787 403 1818 renibus
426 1787 652 1819 Ammocoeess
677 1787 888 1819 brancln'alz’s
920 1786 1058 1819 Rathlce
1085 1788 1170 1821 haec
1200 1788 1314 1820 habet:
1354 1802 1370 1821 «
1392 1787 1473 1830 (Νο.
1491 1787 1544 1818 24.
1567 1799 1642 1830 pag.
1661 1788 1739 1831 93.)
1785 1791 1859 1823 von

166 1843 226 1874 der
251 1843 409 1875 vorderen
430 1844 537 1875 Halfte
559 1844 660 1875 dieses
680 1842 821 1876 Kanales
845 1845 994 1887 (ureter)
1022 1846 1125 1888 gehen
1146 1851 1240 1878 unter
1269 1845 1402 1877 rechten
1430 1844 1608 1884 Winkeln,
1634 1846 1701 1876 und
1724 1846 1757 1877 in
1778 1847 1861 1878 klei-

160 1910 226 1932 nen
248 1899 487 1943 Entsernungen
513 1912 575 1933 von
595 1902 752 1935 einander
773 1902 843 1933 eine
863 1903 975 1945 Menge
994 1904 1125 1935 {iusserst
1150 1908 1256 1935 zai-ter
1278 1903 1410 1935 Gerasse
1433 1902 1494 1940 ab,
1519 1902 1586 1933 und
1621 1903 1760 1934 wenden
1787 1904 1856 1935 sich

163 1958 224 1989 alle
248 1958 335 1990 nach
372 1959 467 1990 oben.
526 1959 587 1990 Ein
615 1959 711 2001 jedes
745 1960 851 1991 dieser
878 1960 1032 1998 Geffisse,
1066 1972 1129 1993 von
1159 1960 1310 1993 welchen
1346 1960 1398 1991 die
1422 1959 1596 1990 mittelsten
1627 1970 1679 1989 am
1710 1961 1856 2002 liingsten

160 2015 251 2053 sind,
276 2015 332 2046 hat
356 2016 400 2047 im
420 2016 550 2047 Ganzen
586 2016 656 2047 eine
685 2016 835 2048 ziemlich
861 2014 1095 2050 betrachtliclie
1119 2019 1249 2061 Lange.
1284 2017 1351 2048 und
1377 2016 1501 2048 scheint
1533 2026 1615 2057 ganz
1650 2016 1781 2048 einfaeh
1814 2029 1854 2049 zu

161 2072 238 2103 sein.
282 2072 341 2104 Ein
367 2072 462 2115 jedes
487 2072 592 2104 ferner
619 2073 659 2104 ist
688 2084 761 2104 zum
785 2074 929 2115 grossum
955 2074 1064 2107 Theile
1092 2075 1298 2117 kntiuelartig
1329 2084 1516 2104 zusammen
1551 2073 1750 2115 gewickelt‚
1785 2075 1854 2106 und

159 2127 245 2158 seine
264 2127 476 2169 Windungen
493 2129 627 2160 werden
645 2138 707 2160 nm·
730 2131 834 2163 durch
856 2132 927 2164 eine
952 2131 1025 2163 sehr
1058 2132 1189 2173 geringe
1217 2132 1315 2162 Masse
1342 2141 1405 2162 von
1424 2129 1649 2161 Zell-Gewebe
1669 2141 1854 2163 zusammen

159 2183 321 2225 gehalten.
365 2185 485 2227 Wenig
508 2183 710 2228 Zellgewebe
732 2188 819 2219 auch
850 2188 930 2220 hallt
959 2189 1011 2220 die
1034 2188 1200 2220 einzelnen
1228 2188 1355 2219 Knauel
1384 2191 1477 2218 unter
1511 2187 1562 2218 ein
1595 2187 1696 2218 ander
1725 2199 1853 2220 zusam-

158 2250 243 2272 men.
291 2241 352 2273 Die
370 2252 472 2284 ganze
490 2243 722 2288 Ansammlung
741 2245 844 2276 dieser
864 2246 1096 2278 Gerassknziuel
1110 2270 1119 2283 ‚
1142 2243 1269 2277 welche
1299 2244 1406 2276 nichts
1434 2243 1570 2280 andem,
1596 2244 1642 2274 als
1671 2244 1724 2275 die
1746 2245 1852 2277 Ham-

156 2297 285 2341 gel'asse
306 2297 398 2341 sind,
426 2297 570 2330 befindet
590 2299 660 2331 sich
685 2311 727 2333 an
749 2301 824 2334 dem
846 2307 962 2335 nutem
992 2302 1101 2334 Theile
1132 2301 1192 2333 der
1225 2300 1382 2335 vorderen
1415 2300 1525 2333 Hall'te
1555 2300 1612 2332 des
1644 2299 1850 2343 Fettkorpers

1097 2359 1123 2390 B
1145 2359 1167 2390 2
1781 2357 1849 2390 und
