2278 2880
404 177 702 212 RESPONSIO
733 187 781 209 AD
813 177 1179 218 QUAESTIONEM
1210 171 1554 216 zoo’LOGICAM.
1794 184 1831 214 15

143 282 229 316 quae
253 270 361 303 dictae
381 274 472 307 sunt,
498 275 588 312 patet
613 270 710 302 etiam
730 279 821 300 renes
838 269 871 300 in
894 270 1037 311 piscibus
1056 271 1201 313 quadam
1227 274 1334 315 specie
1362 275 1540 316 systematis
1564 279 1729 317 portarum
1761 287 1827 309 esse

144 331 326 361 instructos.
360 327 540 368 ,Jacobs-on
563 329 648 370 (No.
668 326 740 367 14.)
762 327 883 369 primus
905 327 969 358 hoc
988 339 1100 359 renum
1112 334 1281 370 portarum
1302 334 1437 372 systema
1456 332 1536 363 vidit
1554 333 1655 374 idque
1672 342 1738 364 non
1760 334 1826 374 pis·

139 385 232 417 cibus
250 384 353 415 solum
372 394 480 416 verum
504 385 600 415 etiam
628 384 738 415 avibus
770 388 801 414 et
834 385 1005 426 amphibiis
1035 386 1156 419 tribuit.
1202 386 1287 418 Clar.
1309 387 1490 429 jacobs-on,
1519 390 1607 421 enim
1642 389 1724 429 (No.
1746 390 1823 431 30.)

140 443 287 484 sequenti
312 442 411 473 modo
434 442 497 474 hoc
512 442 671 484 singulare
689 445 826 483 systema
848 452 1000 473 venosum
1019 442 1193 476 describit:
1219 457 1237 477 «
1255 444 1289 475 in
1306 444 1435 482 avibus,
1460 445 1583 486 inquit,
1608 445 1774 486 reptilibus
1795 453 1827 479 et

140 498 283 541 piscibus
303 503 364 530 tres
384 498 479 541 hujus
498 499 675 541 systematis
695 498 818 539 species
847 497 1069 530 observantur.
1115 499 1162 529 In
1180 502 1299 540 prima
1331 511 1371 531 ex
1399 505 1474 532 cute
1499 505 1531 531 et
1565 502 1717 531 musculis
1750 512 1827 543 par-

143 555 183 586 tis
206 555 333 586 mediae
353 556 514 597 corporis,
539 556 630 597 parvi
649 556 729 585 rami
747 554 950 596 proveniumt
966 577 974 592 ,
1000 555 1058 595 qui
1085 565 1150 586 sese
1182 556 1416 598 conjungentes
1442 557 1484 588 ab
1509 557 1598 588 omni
1619 562 1711 598 parte
1735 568 1827 589 renes

139 612 371 655 aggrediuntur
395 616 425 643 et
449 622 507 654 per
537 622 648 643 eorum
674 612 885 643 substantiam
912 622 944 643 se
965 612 1173 644 distribuunt.
1197 631 1239 637 —-
1261 614 1421 646 Secunda
1449 616 1580 656 species
1599 615 1644 645 ita
1665 614 1822 650 efficitur.

139 674 174 700 ut
194 679 293 700 venae
315 679 353 699 ex
373 669 550 710 posteriore
570 673 661 710 parte
679 669 823 709 corporis
843 669 1002 700 venientes
1017 670 1050 700 in
1075 669 1138 702 hoc
1163 675 1298 712 systema
1314 672 1523 713 recipiantur.
1545 688 1590 694 --
1615 671 1726 703 Tertia
1748 682 1826 713 spe-

138 728 211 757 cies
231 726 347 757 eodem
367 725 468 756 modo
489 729 535 756 est
559 724 698 756 formata
722 735 762 756 ac
797 725 960 762 secunda,
994 725 1097 758 hacce
1129 731 1255 759 tantum
1286 728 1487 767 differentia,
1512 728 1603 771 quod
1626 738 1644 759 a
1674 728 1762 770 venis
1784 738 1823 760 ex

133 783 308 825 posteriore
331 786 424 823 parte
444 782 608 823 eorporis,
634 793 741 813 ramus
764 782 947 814 dimittatur
968 784 1009 814 ad
1031 794 1146 816 venam
1164 790 1290 826 portae.
1609 782 1613 786 ⁴

174 840 248 870 Jam
271 849 345 871 vero
369 838 461 880 quod
490 839 603 870 attinet
626 840 668 871 ad
697 840 761 872 hoc
789 841 950 883 singulare
979 846 1116 883 systema
1146 842 1180 873 in
1208 843 1341 884 singulis
1369 843 1556 874 animalium
1590 841 1765 882 classibus,
1789 843 1823 873 in

131 895 273 938 piscibus
295 895 353 926 sub
371 905 570 936 unaquaque
593 895 707 929 harum
729 897 825 928 trium
858 899 1039 939 specierum
1067 899 1162 930 nobis
1187 904 1334 941 apparet.
1377 900 1416 931 In
1437 900 1583 941 plurimis
1618 900 1703 930 enim
1723 899 1822 941 pisci-

130 953 192 984 bus
212 954 245 984 in
262 953 381 994 quibus
408 951 503 993 hujus
523 954 701 993 systematis
722 954 860 995 primam
880 954 1019 995 speciem
1040 954 1248 986 observamus
1261 978 1269 993 ,
1294 954 1396 986 omnis
1426 955 1555 996 sanguis
1580 955 1662 986 cutis
1682 959 1714 985 et
1736 965 1823 985 mus·

130 1010 278 1041 culorum
296 1020 315 1040 a
333 1009 429 1040 ramis
449 1009 573 1041 venosis
594 1010 749 1052 recipitur
770 1010 813 1041 ad
834 1021 924 1041 renes
950 1010 1209 1041 decurrentibus.
1255 1010 1325 1040 Tali
1348 1010 1448 1041 modo
1478 1021 1552 1042 vasa
1591 1011 1768 1041 decurrunt
1789 1012 1823 1042 in

133 1065 286 1108 Clupea,
313 1065 465 1108 Cyprino
489 1071 521 1097 et
545 1066 626 1097 aliis.
673 1067 769 1107 (Meis
788 1067 885 1097 ctiam
910 1064 1186 1097 observationibus
1222 1064 1286 1096 hoc
1318 1064 1562 1107 comprobatur.
1608 1066 1715 1097 Antea
1733 1067 1818 1097 enim

125 1122 201 1164 jam
219 1123 347 1152 locutus
364 1132 435 1151 sum
455 1122 495 1151 de
519 1123 576 1151 tali
594 1122 802 1162 dispositione
824 1131 973 1152 vasorum
1004 1122 1038 1152 in
1063 1121 1161 1152 Gado
1175 1145 1183 1158 ,
1208 1122 1320 1153 Perea
1343 1126 1374 1152 et
1397 1121 1552 1163 Cyprz'no
1566 1145 1575 1162 ,
1599 1121 1693 1163 cujus
1714 1123 1818 1154 ultimi

129 1187 220 1209 renes
249 1188 324 1209 cum
352 1178 435 1210 vasis
476 1177 605 1209 Tabula
627 1177 670 1210 11.
707 1178 785 1220 Fzg.
808 1178 840 1209 3.
857 1176 1062 1220 (proposui.)
1113 1178 1218 1208 Etiam
1245 1177 1388 1209 secunda
1416 1178 1559 1219 species,
1593 1179 1698 1221 pergit
1731 1179 1818 1214 Clar.

126 1233 326 1271 chcobson,
348 1232 499 1274 saepein
520 1231 662 1274 piscibus
686 1232 888 1266 observatur.
932 1233 1043 1264 Omnis
1062 1235 1190 1275 sanguis
1211 1245 1250 1266 ex
1277 1236 1454 1276 posteriore
1491 1241 1522 1266 et
1543 1236 1651 1267 media
1674 1239 1819 1279 corporis

127 1295 220 1334 parte
249 1290 292 1322 ad
310 1299 401 1321 renes
417 1289 568 1327 ducitur3
592 1299 675 1321 vena
703 1290 870 1327 caudalis,
897 1290 1005 1320 statim
1032 1290 1058 1320 si
1091 1301 1183 1321 renes
1209 1291 1392 1328 intraverit,
1428 1290 1511 1322 duos
1537 1290 1678 1334 majores
1710 1304 1818 1325 ramos

126 1349 246 1381 format
261 1371 271 1388 ‚
295 1348 351 1390 qui
373 1346 511 1389 receptis
533 1348 668 1378 caeteris
687 1347 810 1379 venulis
833 1347 1011 1378 minoribus
1032 1358 1071 1379 ex
1090 1347 1198 1378 media
1218 1353 1309 1390 parte
1334 1349 1499 1390 corporis,
1525 1359 1582 1391 per
1603 1359 1717 1381 renum
1742 1349 1820 1380 sub-

125 1407 280 1438 stantiam
297 1415 362 1436 sese
380 1404 586 1436 distribuunt.
633 1404 730 1444 Quod
749 1404 794 1435 ita
813 1404 949 1436 vidimus
970 1405 1004 1436 in
1027 1405 1123 1448 Raja
1136 1428 1144 1443 ,
1179 1405 1290 1437 Esoce
1304 1429 1312 1444 ‚
1346 1406 1496 1448 Squah,
1531 1406 1817 1439 Pleuronectchus

124 1468 213 1498 caet.
260 1462 380 1506 (Quod
405 1463 449 1495 ad
471 1474 523 1494 me
543 1463 657 1494 attinet
675 1462 709 1493 in
728 1461 1015 1493 Pleuroneclc‘bus
1033 1467 1064 1494 et
1089 1462 1208 1505 Trigla
1228 1463 1293 1495 hoc
1313 1463 1411 1494 etiam
1427 1463 1604 1496 observavi.
1648 1464 1686 1496 In
1707 1463 1818 1496 Esoce

125 1531 202 1553 vero
219 1521 371 1562 equidem
393 1530 460 1550 non
477 1519 653 1550 secundam
676 1517 732 1548 sed
754 1519 893 1559 primam
914 1517 1008 1559 hujus
1028 1521 1207 1560 systematis
1225 1521 1366 1562 speciem
1395 1519 1536 1561 reperi.)

123 1589 126 1594 ·
170 1577 275 1609 Tertia
295 1577 417 1619 species
446 1588 464 1608 a
487 1577 571 1608 Clar.
594 1575 804 1606 Jacobsonz'o
836 1576 869 1605 in
890 1575 1062 1605 Muraena
1091 1577 1296 1606 solummodo
1317 1582 1349 1607 et
1385 1577 1418 1606 in
1444 1575 1575 1617 Loplu'o
1598 1581 1644 1606 est
1673 1583 1811 1618 reperta.

123 1635 260 1666 Dimittit
280 1634 403 1664 scilicet
425 1642 504 1664 vena
529 1631 675 1663 caudalis
695 1635 822 1673 praeter
843 1641 940 1662 venas
959 1631 1003 1662 ad
1024 1642 1114 1664 renes
1145 1643 1243 1663 unam
1276 1631 1320 1662 ad
1353 1641 1468 1662 venam
1500 1635 1688 1672 portarum,
1714 1633 1758 1664 ita
1781 1637 1815 1664 ut

122 1694 253 1736 sanguis
273 1692 456 1736 posterioris
478 1697 510 1724 et
531 1691 658 1723 mediae
680 1691 825 1733 corporis
844 1690 945 1732 partis
961 1691 1081 1732 partim
1100 1689 1207 1721 veniat
1227 1688 1270 1720 ad
1288 1697 1378 1720 renes
1396 1687 1514 1729 partim
1539 1686 1582 1719 ad
1600 1687 1708 1730 jecur.

837 1814 1097 1836 naumann&

163 1921 308 1953 Ureteres
324 1918 445 1961 ubique
464 1923 537 1951 sunt
556 1916 613 1951 ubi
630 1928 721 1950 renes
742 1917 963 1960 reperiuntur,
996 1926 1102 1958 neque
1133 1916 1251 1947 mirum
1282 1925 1357 1948 cum
1391 1915 1516 1947 urinam
1548 1915 1582 1946 in
1613 1914 1744 1946 renibus
1762 1926 1811 1946 se-

121 1983 245 2010 cretam
266 1977 351 2008 foras
367 1977 524 2008 educunt.
569 1976 686 2007 Paucis
715 1975 858 2016 exceptis
892 1974 974 2017 (No.
1000 1973 1073 2015 17.)
1107 1984 1217 2004 omnes
1250 1972 1353 2014 pisces
1381 1972 1463 2003 duos
1492 1971 1614 2003 habent
1643 1975 1806 2008 ureteres,

120 2045 224 2075 aeque
244 2044 284 2066 ac
309 2038 438 2065 caetera
459 2034 612 2065 animatia
635 2043 720 2074 quae
740 2031 868 2063 duobus
885 2032 1013 2063 renibus
1034 2035 1106 2062 sunt
1130 2031 1297 2062 instructa.
1343 2028 1488 2061 Ureteres
1515 2027 1640 2069 duplici
1659 2028 1804 2069 inprimis

120 2090 220 2122 modo
241 2091 274 2122 in
293 2090 420 2121 renibus
442 2090 644 2128 formantur,
668 2100 784 2132 nempe
804 2090 853 2122 vel
874 2088 916 2120 ab
940 2089 1100 2120 anteriore
1125 2092 1219 2131 parte
1243 2097 1355 2119 renum
1379 2086 1526 2118 oriuntur
1544 2088 1694 2126 totosque
1714 2094 1806 2117 renes

122 2151 330 2190 percurrunt,
354 2147 406 2179 vel
430 2157 448 2178 a
467 2148 643 2192 posteriore
664 2151 770 2189 parte.

165 2203 326 2235 Fon-matio
346 2207 527 2243 ureterum,
551 2205 576 2236 si
595 2205 628 2236 in
653 2204 813 2235 anterIOre
833 2207 925 2245 parte
945 2213 1057 2234 renum
1087 2202 1199 2233 locum
1230 2200 1348 2238 habet,
1380 2200 1427 2232 ita
1456 2198 1581 2231 obtinet
1615 2203 1650 2230 ut
1680 2198 1804 2230 minimi

119 2261 237 2293 ramuli
256 2261 414 2292 ductuum
432 2261 658 2293 uriniserorum
679 2262 712 2293 in
733 2272 834 2293 unum
854 2260 1021 2292 confluant
1040 2263 1070 2291 et
1088 2259 1130 2290 ab
1164 2259 1252 2290 omni
1273 2262 1366 2300 parte
1386 2258 1421 2289 in
1453 2261 1522 2288 toto
1541 2256 1678 2287 decursu
1701 2266 1804 2298 usque

116 2317 166 2349 nd
182 2317 279 2350 finem
302 2318 513 2360 posteriorem
529 2320 641 2350 renum
663 2328 729 2351 sese
756 2319 896 2353 inserant
918 2318 952 2350 in
978 2321 1138 2357 aroteres,
1171 2316 1228 2359 qui
1258 2315 1356 2358 igitur
1382 2314 1522 2357 majores
1550 2318 1583 2346 et
1613 2314 1811 2359 capaciores

1733 2369 1806 2401 fac-
