2278 2880
447 157 738 203 REsPoNslo
770 169 817 190 A„
854 158 1219 198 QUAESTIONEM
1242 147 1587 192 zoo'LoeicAM.
1814 164 1855 195 25

179 264 273 295 sogar
293 255 421 293 spttter,
446 252 492 282 als
513 251 565 281 die
589 250 933 283 Geschiechts-Theile.
978 250 1029 280 Sie
1053 250 1205 280 kommen
1224 262 1296 281 zum
1320 251 1499 284 Vorschein
1529 254 1685 285 obex-halb
1716 255 1773 286 der
1795 255 1854 285 fai-

177 309 275 341 schcn
295 307 428 342 Nieren,
454 307 520 337 und
543 308 646 349 liegeu
665 307 754 337 daun
773 306 857 336 nahe
878 305 936 336 der
958 305 1085 335 Kloake
1115 304 1278 336 zwisehen
1299 305 1400 347 jenen
1432 309 1666 351 Eingeweidcn
1694 310 1759 340 und
1797 311 1855 341 der

176 362 419 396 Ruckenwand
439 363 497 393 der
514 363 741 395 Bauchhohle.
789 362 913 394 lVolzer
939 364 988 393 sie
1017 362 1099 392 aber
1131 362 1230 392 z'lzren
1269 361 1450 406 Isrsprang
1481 366 1643 403 nahmen,
1681 366 1776 396 kann
1803 368 1855 397 z'clz

178 420 274 450 nicht
301 419 361 449 mit
386 417 593 450 Gewisskett
611 418 788 460 angebeu:
815 417 988 450 Vielleicht
1002 418 1155 451 wachsen
1170 420 1213 450 sie
1235 429 1292 450 aus
1314 419 1378 451 den
1406 419 1552 452 falschen
1573 421 1686 454 Nicren
1716 421 1855 455 hervor:

176 477 368 517 vvenigstens
386 475 459 506 sind
478 475 521 506 sie
541 476 598 506 mit
618 476 725 506 diesen
750 473 938 516 anfiinglich
961 475 1019 506 fest
1039 476 1225 507 verklebt.‘'

221 532 328 572 Quam
346 541 422 562 vero
443 532 634 574 hypothesin
660 530 701 560 de
731 531 838 571 genesi
871 542 984 563 renum
1006 543 1044 563 ex
1072 531 1201 564 renibus
1227 532 1272 563 ita
1306 533 1402 564 dictis
1432 533 1545 575 spuriis
1575 543 1641 564 non
1675 542 1783 566 omnes
1799 535 1858 566 viri

179 588 270 620 docti
293 586 540 628 amplectuntur.
580 587 752 619 Jacobsou
774 589 859 619 enim
884 587 959 629 (N0.
979 586 1056 628 39.)
1082 598 1172 618 renes
1188 593 1276 619 extra
1296 589 1519 630 peritonaeum
1540 589 1664 620 locatos
1689 601 1752 621 esse
1778 602 1859 623 con·

180 646 301 682 tendit,
337 645 415 676 dum
451 654 543 675 renes
572 644 672 685 spurii
702 644 736 674 in
765 643 904 685 propriis
935 643 1029 684 plicis
1057 644 1107 675 vel
1133 644 1236 675 saccis
1268 644 1379 676 locum
1411 649 1587 686 occupant·
1632 645 1737 676 Etiam
1773 646 1857 677 Clar.

177 703 308 735 Muller
324 702 358 732 in
379 711 436 731 suo
456 709 553 741 opere
574 699 653 738 (No.
676 697 751 737 38.)
774 698 858 729 hanc
880 700 1072 730 sententiam
1093 700 1211 741 rejicit.
1293 737 1298 740 ,

217 758 340 789 Deinde
361 756 445 787 Clar.
467 753 603 786 Rathke
625 754 666 784 de
694 753 823 784 renibus
847 754 892 785 ita
919 756 1046 797 pergit:
1071 761 1245 798 postquam
1273 759 1493 798 apparuerunt
1524 756 1582 796 ipsi
1612 755 1749 797 figuram
1772 755 1861 787 exhi-

176 815 254 846 bent
285 813 423 844 duarum
448 811 640 842 laminarum
672 811 815 841 tenuium
834 816 1130 853 angustarumque,
1166 813 1312 855 ejusdem
1337 813 1403 844 fere
1437 812 1655 854 longitudini&
1702 811 1861 854 Aliquan-

178 877 211 904 to
234 874 306 913 post
328 867 564 909 dextralmagis
582 866 783 908 longitudine
809 873 944 909 augetur
963 878 1062 909 quam
1082 868 1221 900 sinistra.

218 926 365 958 Ureteres
387 923 495 955 statim
512 923 586 964 jam
609 922 650 953 ab
669 922 762 953 initio
783 927 867 953 totos
887 933 977 953 renes
999 924 1043 953 ad
1062 919 1298 964 longitudinem
1331 928 1522 966 percurrunt
1546 928 1577 954 et
1605 923 1693 955 hiant
1718 925 1750 955 in
1773 925 1864 956 cloa-

178 995 219 1016 ca
240 992 341 1026 prope
367 981 410 1012 ad
429 980 547 1011 ostium
568 979 686 1009 ductus
704 978 872 1009 excretorii
894 988 1009 1009 renum
1033 978 1214 1020 spuriorum
1237 979 1398 1020 (corpora
1422 979 1616 1021 Wolfiana)
1652 991 1727 1011 cum
1749 982 1868 1022 quibus

176 1044 289 1082 postea
307 1037 425 1068 ostium
440 1035 563 1066 habent
579 1044 762 1065 commune.

220 1096 266 1125 De
287 1094 452 1124 lacertae
488 1103 624 1123 croceae
648 1096 678 1122 et
711 1091 876 1121 Lacertae
903 1090 1016 1131 agilis·
1040 1090 1169 1121 renibus
1200 1091 1366 1132 sequentia
1395 1089 1516 1121 habet:
1543 1088 1685 1131 (ibidem
1712 1101 1788 1132 pag.
1809 1089 1863 1122 39.

177 1153 212 1191 §-
237 1149 311 1187 13.)
342 1156 432 1178 renes
464 1147 543 1187 ipsi,
580 1146 707 1186 inquit,
744 1145 841 1174 etiam
872 1145 1031 1185 originem
1063 1145 1182 1177 habere
1211 1146 1360 1177 videntur
1388 1155 1429 1176 ex
1460 1145 1649 1186 corporibus
1680 1146 1864 1177 Wolsianis.

178 1207 346 1247 Apparent
366 1213 477 1236 renes,
501 1203 580 1230 dum
602 1201 691 1230 dieta
715 1210 855 1240 corpora
878 1209 910 1229 se
926 1200 1022 1231 etiam
1043 1202 1220 1233 extendunt
1241 1212 1342 1243 usque
1371 1201 1413 1232 ad
1439 1202 1588 1232 cloacam
1602 1224 1610 1239 ‚
1635 1202 1667 1233 in
1692 1202 1760 1243 ejus
1781 1203 1865 1234 facie

180 1260 363 1303 superiore,
388 1261 420 1288 et
440 1255 553 1287 sensim
574 1255 752 1296 sensimque
769 1256 888 1297 partim
907 1257 1067 1287 anteriora
1085 1266 1207 1292 versus„
1230 1257 1350 1297 partim
1368 1267 1464 1297 supra
1495 1258 1644 1287 cloacam
1673 1257 1867 1289 increscunt.

181 1318 218 1351 Si
239 1326 329 1348 renes
351 1315 561 1345 Lacertarum
581 1322 656 1343 cum
675 1312 713 1342 iis
737 1312 771 1342 in
794 1312 992 1353 serpentibus
1016 1323 1262 1355 comparemus,
1287 1324 1326 1345 eo
1360 1313 1513 1344 differunt
1533 1313 1623 1354 quod
1646 1325 1826 1356 numquam
1848 1326 1868 1346 a

180 1375 297 1406 cloaca
320 1369 489 1402 recedant.

219 1430 260 1461 In
277 1427 452 1468 embryone
472 1423 647 1457 Crocodc'lz'
665 1423 804 1455 nilotica*
828 1435 920 1456 renes
944 1425 1044 1456 etiam
1061 1426 1181 1458 extensi
1199 1426 1254 1457 visi
1279 1431 1352 1458 sunt
1380 1437 1482 1468 usque
1508 1427 1551 1458 ad
1578 1427 1750 1466 cloacam,
1775 1432 1867 1460 ante·

177 1486 242 1518 rius
263 1494 364 1524 usque
389 1482 432 1513 ad
453 1481 553 1512 finem
571 1491 684 1512 renum
702 1482 881 1522 spuriorum
895 1505 903 1518 ‚
927 1483 1016 1513 nulla
1035 1484 1167 1524 vestigia
1187 1483 1336 1514 loborum
1356 1484 1556 1515 exhibentes.

221 1541 261 1573 Hi
291 1549 366 1572 vero
395 1538 462 1569 lobi
499 1536 760 1579 exprimebantur
794 1537 928 1568 fortibus
957 1538 1165 1570 incisionibus
1198 1540 1231 1571 in
1262 1541 1325 1572 alio
1357 1540 1554 1577 crocodilo,
1590 1541 1647 1582 qui
1681 1540 1753 1583 jam
1790 1546 1866 1573 ante

181 1596 319 1639 aliquod
347 1600 473 1636 tempus
502 1604 598 1626 ovum
640 1594 792 1635 reliquit,
827 1598 862 1625 ut
888 1595 986 1636 igitur
1016 1595 1168 1627 laborum
1203 1596 1431 1628 formationem
1468 1596 1565 1627 serius
1594 1599 1702 1634 nasci,
1738 1599 1870 1630 credere

178 1653 227 1686 fas
248 1653 299 1683 sit.

225 1709 264 1740 ln
282 1707 431 1739 Blenm‘o
449 1705 606 1746 vz'v-z'paro
626 1703 762 1736 Rathke
783 1704 906 1737 haecce
927 1716 1065 1748 corpora
1091 1705 1278 1744 Wolfiana,
1304 1719 1343 1740 ex
1370 1707 1487 1750 quibus
1516 1720 1607 1742 renes
1625 1710 1868 1749 mammali'um.

184 1766 293 1798 avium
316 1769 378 1796 cet.
402 1761 558 1803 originem
581 1760 700 1791 habere
721 1761 843 1799 credit,
868 1772 1050 1803 numquam
1069 1765 1200 1806 reperit.
1227 1763 1305 1806 (ΝΟ.
1320 1764 1373 1795 22.
1408 1765 1496 1797 Tom.
1521 1768 1553 1797 2.
1582 1778 1656 1809 pag.
1676 1768 1720 1798 32
1735 1774 1758 1809 2.
1803 1768 1871 1799 Re.

185 1832 240 1854 nes
261 1830 354 1856 vero,
378 1818 505 1859 inquit,
529 1827 604 1847 mox
620 1816 692 1859 jam
711 1823 884 1859 apparent,
908 1819 1078 1860 paululum
1104 1820 1191 1861 prius
1222 1820 1354 1851 fortasse
1386 1831 1486 1862 quam
1518 1821 1631 1864 hepar.
1677 1824 1783 1855 Renes
1802 1825 1872 1866 pri·

186 1886 275 1908 mum
301 1875 402 1906 oculis
424 1884 488 1904 sese
519 1872 679 1910 offerunt,
714 1878 879 1915 tamquam
906 1875 1027 1906 lamina
1060 1875 1256 1906 substantiae
1291 1876 1517 1918 gelatinosae,
1551 1879 1765 1916 rubescentis,
1800 1879 1872 1910 dia-

186 1931 330 1974 phanae.
370 1930 486 1961 Intime
506 1929 602 1960 dorso
631 1929 823 1967 adhaerent,
857 1931 998 1962 formam
1023 1930 1143 1962 habent
1171 1932 1304 1973 Longam
1332 1933 1427 1964 valde
1453 1940 1623 1976 angustam
1651 1940 1682 1965 et
1712 1934 1777 1965 fere
1811 1945 1869 1976 per

187 1992 292 2019 totum
314 1996 430 2017 cavum
459 1985 667 2017 abdominale
693 1991 765 2016 sunt
798 1987 930 2018 extensi.
973 1987 1135 2017 Posterior
1163 1997 1237 2028 pars
1267 1987 1345 2018 licet
1370 1989 1469 2020 etiam
1500 1990 1594 2021 valde
1621 1991 1722 2022 tenuis
1753 1991 1867 2022 melius

188 2041 384 2083 conspicitur
409 2051 509 2082 quam
526 2042 683 2078 anterior,
708 2052 792 2082 quae
810 2042 860 2073 vix
881 2042 984 2072 oeulis
1005 2042 1130 2084 percipi
1151 2045 1274 2083 potest,
1309 2044 1357 2074 ita
1391 2048 1425 2074 ut
1459 2043 1647 2077 d'iffieiltime
1677 2045 1749 2078 finis
1780 2053 1874 2080 ante-

186 2099 253 2130 rior
273 2097 414 2129 indicari
427 2097 535 2139 possit⁴
580 2098 717 2130 Videtur
739 2097 835 2138 igitur
860 2097 942 2128 haee
969 2098 1088 2128 lamina
1113 2097 1251 2139 primum
1284 2097 1418 2129 formari
1443 2100 1477 2131 in
1506 2102 1682 2142 posteriore
1714 2105 1783 2135 cavi
1805 2105 1871 2136 ab-

190 2154 364 2186 dominalis
387 2158 479 2194 parte
494 2176 504 2189 ,
528 2157 562 2184 ut
580 2153 654 2185 dein
677 2154 794 2184 sensim.
813 2154 953 2185 anter-ius
976 2153 1182 2185 extendatur.
1223 2153 1346 2185 Sensim
1367 2165 1454 2187 nune
1482 2155 1543 2188 hae
1562 2157 1700 2190 laminae
1720 2170 1794 2191 mox
1814 2161 1875 2192 de-

190 2210 330 2251 scriptae
352 2209 385 2240 in
406 2209 578 2250 posteriore
599 2209 690 2240 tertia
714 2213 804 2250 parte
828 2208 883 2239 ubi
905 2210 1097 2240 coa-luerunt
1111 2232 1120 2248 ,
1143 2209 1228 2241 moIe
1257 2214 1414 2252 augentur
1444 2215 1476 2243 et
1505 2210 1577 2253 jam
1607 2216 1780 2247 nonnullos
1801 2217 1870 2249 dies

196 2270 372 2307 antequam
391 2275 431 2296 ex
453 2275 514 2299 ovo
543 2266 700 2308 prodierit
721 2264 864 2303 animat,
888 2265 968 2296 duas
998 2265 1258 2298 intumescentias
1279 2266 1450 2310 perhibent
1469 2270 1544 2301 satis
1562 2268 1694 2312 longas,
1717 2271 1856 2314 posterii]

1110 2317 1138 2351 n
1839 2328 1876 2360 ia
