2278 2880
397 181 438 215 Μ
815 175 863 209 Α.Δ
888 175 919 209 J.
955 174 995 208 Π,
1028 174 1333 208 STEENSTRA
1368 174 1674 214 TOUSSAIN‘R

402 283 507 316 aeque
531 280 572 304 ac
590 267 756 303 infermi
776 278 805 302 v.
827 279 859 301 c·
880 278 989 300 renem
1016 268 1175 310 percurrit
1200 280 1308 302 ramos
1337 270 1476 302 minores
1504 269 1681 312 recipiens,
1714 267 1770 301 sed
1801 269 1908 301 statim
1937 270 1962 302 si
1980 281 2089 305 renem

401 330 569 363 intraverit
593 339 625 360 se
647 326 762 359 dividit
785 325 820 358 in
842 326 1019 367 permultos
1038 336 1144 357 ramos
1162 338 1219 369 per
1247 332 1332 359 totos
1359 338 1450 359 renes
1478 327 1666 358 distributos
1695 335 1760 357 uno
1782 327 1963 369 eodemque
1990 329 2090 361 modo

401 397 441 418 ac
463 395 573 418 omnes
592 387 719 416 ceterae
742 392 842 414 venae
864 391 903 412 ex
925 382 1056 413 diversis
1092 383 1240 423 partibus
1257 386 1402 426 corporis
1417 393 1509 414 renes
1533 383 1698 414 adeuntes.
1744 382 1859 414 Omnia
1892 384 1974 416 haec
1994 395 2066 416 vasa
2081 407 2089 421 .

401 444 428 475 si
449 444 482 474 in
499 441 634 473 modum
654 439 844 470 arteriarum
863 438 1083 469 subtilissimas
1115 439 1367 472 ramifieationes
1397 441 1625 477 formaverint,
1650 439 1766 470 eodem
1796 440 1896 472 modo
1929 451 1969 472 ac
1991 451 2091 472 venae

402 500 446 531 ad
468 498 609 541 majores
630 506 738 528 ramos
761 496 876 527 sensim
901 495 1069 527 confluunt
1083 500 1114 526 et
1134 507 1190 537 per
1205 497 1331 528 minora
1353 498 1519 540 majorave
1539 497 1620 528 ostia
1642 499 1753 537 aperta
1771 497 1957 538 sanguinem
1987 496 2091 528 effun-

403 557 485 588 dunt
503 556 536 587 in
560 556 675 586 sinum
697 553 875 595 quemdam
896 562 1049 595 magnum
1069 564 1234 586 venosum.
1278 554 1338 586 Hic
1362 556 1447 586 sinus
1478 555 1510 585 in
1544 554 1698 585 inferiore
1727 553 1812 584 facie
1842 563 1954 583 renum
1976 562 1994 583 a
2012 563 2086 593 pos-

400 612 518 643 teriore
538 615 630 652 parte
651 610 790 642 anterius
813 609 955 640 decurrit
977 613 1008 639 et
1030 618 1062 639 se
1083 609 1116 639 in
1140 609 1221 639 duos
1252 619 1359 640 ramos
1385 611 1499 642 dividit
1522 620 1561 640 eo
1589 610 1664 640 loco
1686 619 1754 649 quo
1782 619 1872 639 renes
1906 618 1924 637 a
1952 617 1983 637 se
2005 607 2086 637 invi-

401 677 473 699 cem
496 666 664 698 recedunt.
709 665 832 695 Eodem
858 664 957 695 modo
976 674 1016 695 ac
1033 674 1133 695 venae
1161 675 1261 696 cavae
1291 667 1483 707 posteriores
1516 664 1612 707 hujus
1646 663 1740 694 sinus>
1762 666 1902 704 uterque
1925 673 2032 693 ramus
2056 673 2090 693 se

399 722 571 765 conjungit
596 732 672 752 cum
700 731 780 753 vena
816 731 898 751 cava
923 720 1094 751 anteriore.
1139 720 1232 751 Sinus
1260 732 1335 752 mox
1359 722 1538 763 descriptus
1568 731 1585 752 e
1614 717 1733 760 Tregla
1759 718 1883 749 Tabula
1900 718 1944 748 11.
1968 718 2035 760 Fig.
2059 719 2087 750 l.

399 784 444 809 est
466 779 669 821 propositus,
695 779 751 810 ubi
771 779 927 810 incisione
954 776 1184 818 longitudinali
1203 783 1334 820 apertus
1352 782 1421 817 est,
1456 781 1491 807 ut
1521 776 1604 807 ostia
1639 784 1785 806 vasorum
1819 775 1854 806 in
1880 779 2090 817 conspectum

394 835 549 866 venirent.

438 889 594 931 Expositis
613 889 650 919 iis
673 899 758 930 quae
778 889 844 930 ipse
865 888 1000 920 viderim
1023 887 1056 918 in
1077 888 1208 920 diversis
1235 889 1395 930 piscibus,
1417 889 1489 931 jam
1509 889 1623 930 paucis
1656 887 1807 926 tradam,
1840 897 1926 928 quae
1951 886 1993 916 ab
2017 885 2086 915 aliis

398 947 439 979 de
459 955 570 978 renum
596 945 682 977 venis
706 946 767 977 sint
787 945 979 981 observata,
1004 948 1038 975 ut
1061 945 1154 975 simul
1187 950 1298 986 pateat
1324 956 1390 976 non
1414 945 1529 976 eadem
1563 954 1688 987 semper
1718 944 1845 975 ratione
1873 953 2024 976 venarum
2047 941 2089 974 ad

397 1012 488 1035 renes
507 1002 737 1044 pertinentium
758 1000 1017 1032 distributionem
1039 1004 1071 1032 et
1093 1000 1265 1032 decursum
1282 1011 1315 1032 se
1334 999 1459 1033 habere
1472 1026 1480 1038 ,
1505 1002 1561 1033 sed
1579 1001 1763 1043 multiplici.

440 1058 546 1099 Vulgo
561 1079 570 1094 ‚
594 1057 700 1098 inquit
720 1056 856 1088 Rathke
879 1056 959 1096 (No,
979 1056 1035 1087 25.
1058 1066 1093 1097 p.
1118 1056 1210 1098 199.)
1237 1068 1347 1088 omnes
1366 1058 1417 1089 vel
1441 1057 1583 1089 maxima
1608 1062 1695 1089 certe
1718 1067 1873 1088 venarum
1894 1055 2085 1099 genitalium

393 1125 470 1157 pars
490 1115 523 1145 in
547 1114 694 1145 Blennz'o
717 1114 873 1152 vz'vz'paro
895 1116 926 1141 et
949 1111 1148 1154 Ammodgste
1182 1115 1334 1145 Tobz'ano
1360 1115 1393 1144 in
1417 1124 1514 1144 venas
1540 1115 1665 1145 renales
1683 1114 1774 1151 abit,
1800 1117 1831 1145 et
1854 1112 1988 1154 quidem
2013 1120 2089 1142 cum

396 1170 543 1213 pluribus
573 1169 688 1206 ramis,
715 1168 1000 1199 Pleuronectc'bus
1034 1171 1196 1208 exceptis,
1229 1170 1263 1199 in
1290 1169 1408 1209 quibus
1438 1179 1513 1200 cum
1545 1179 1626 1201 vena
1658 1180 1739 1203 cava
1773 1168 1972 1211 conjunctae
2005 1171 2090 1199 sunt.

399 1229 439 1260 In
461 1226 658 1268 Ammodyte
685 1225 833 1256 Tobz'ano
860 1224 893 1255 in
922 1224 1013 1255 sulco
1036 1232 1153 1263 nempe
1180 1223 1341 1264 superiore
1366 1224 1595 1264 longitudinali
1624 1226 1725 1264 partis
1747 1225 1893 1266 genitalis
1913 1222 2089 1264 simplici8‚

393 1285 490 1327 juxta
510 1283 746 1325 longitudinem
766 1281 880 1312 eadem
905 1281 1030 1311 ratione
1057 1289 1096 1310 ac
1118 1279 1151 1309 in
1187 1279 1339 1322 Cyprz'no
1367 1280 1483 1322 Carpo
1512 1284 1645 1310 truncus
1677 1290 1812 1312 venosus
1842 1279 2006 1315 decurrit,
2030 1276 2091 1310 sub

400 1342 525 1383 angulis
549 1341 644 1371 rectis
667 1350 776 1370 omnes
795 1338 895 1381 partis
913 1337 1061 1380 genitalis
1091 1336 1222 1368 venulas
1252 1337 1420 1379 recipiens.
1463 1336 1514 1368 Ab
1548 1337 1650 1369 altero
1677 1338 1796 1375 latere,
1829 1337 1918 1368 idem
1956 1345 2093 1368 venosus

400 1403 533 1430 truncus
554 1401 696 1438 quatuor
716 1396 901 1438 quinqueve
921 1393 1162 1424 filamentorum
1192 1394 1291 1425 instar
1323 1399 1433 1425 tenues
1456 1394 1587 1426 venulas
1610 1395 1654 1426 ad
1685 1395 1838 1436 aequales
1863 1404 1882 1425 a
1914 1403 1946 1424 se
1967 1393 2092 1424 distan-

400 1456 463 1487 tias
494 1453 633 1491 emittit,
659 1464 745 1495 quae
776 1451 1008 1484 adscendendo
1041 1450 1131 1482 circa
1163 1449 1312 1481 dextrum
1338 1451 1421 1482 renis
1451 1450 1628 1493 marginem
1665 1452 1871 1483 decurrentes
1900 1450 1934 1482 in
1965 1454 2092 1492 partem

401 1512 613 1555 posteriorem
631 1521 731 1542 venae
749 1510 865 1541 renalis
889 1508 1021 1539 dextrae
1050 1511 1227 1538 transeunt.
1274 1507 1312 1537 In
1333 1509 1402 1538 aliis
1431 1508 1574 1549 piscibus
1589 1531 1598 1548 ‚
1629 1518 1744 1550 nempe
1773 1509 1807 1539 in
1835 1508 1982 1538 Blenm'o
2006 1508 2096 1538 vivi.

395 1579 506 1611 paro,
531 1567 662 1602 Εεοοε.
690 1565 802 1601 Cotti,
839 1564 1041 1605 Cycloplero
1072 1564 1229 1604 Lumpo,
1267 1562 1382 1594 Cobitz·
1407 1562 1553 1603 fossili,
1585 1564 1619 1595 in
1656 1564 1774 1605 quibus
1803 1575 1883 1596 vena
1915 1563 2094 1606 longitudi-

400 1623 485 1656 natis
508 1621 731 1659 desideratur,
754 1618 890 1651 venulae
910 1619 952 1650 ab
976 1624 1115 1660 utroque
1134 1619 1236 1649 latere
1260 1619 1494 1650 adscendentes
1526 1619 1568 1650 ad
1589 1620 1697 1661 plures
1727 1621 1867 1652 ramulos
1899 1619 2091 1656 confluunt.

401 1690 494 1712 renes
509 1679 648 1714 intrant,
672 1682 708 1708 ut
728 1687 803 1708 cum
822 1686 934 1707 eorum
958 1677 1044 1708 venis
1067 1687 1099 1707 se
1125 1675 1339 1717 conjungant.

445 1736 485 1768 In
509 1735 685 1777 Harengz's
710 1733 771 1765 No.
791 1733 844 1764 25.
868 1744 901 1775 p.
923 1732 1021 1774 200.)
1046 1733 1080 1764 in
1104 1732 1223 1773 quibus
1245 1732 1399 1773 genitales
1422 1744 1522 1764 venae
1548 1733 1688 1776 primum
1714 1733 1846 1775 quidem
1869 1732 2007 1765 eundem
2033 1731 2090 1763 de-

402 1803 531 1826 cursum
551 1797 679 1828 tenent,
705 1802 745 1823 ac
768 1791 800 1821 in
816 1789 977 1832 prioribus
996 1789 1154 1831 piscibuS‚
1181 1795 1312 1821 truncus
1347 1797 1454 1821 tamen
1479 1800 1496 1821 e
1519 1795 1610 1832 parte
1643 1791 1775 1833 genitali
1802 1791 1915 1821 dextra
1940 1794 2027 1820 ortus
2047 1789 2090 1821 ad

404 1852 489 1882 latus
509 1849 670 1880 sinistrum
698 1847 788 1884 abit,
813 1852 844 1878 et
868 1857 934 1878 sese
956 1846 1129 1888 conjungit
1158 1858 1231 1878 cum
1265 1851 1380 1877 trunco
1411 1857 1528 1878 venoso
1553 1858 1570 1878 a
1596 1853 1689 1889 parte
1713 1848 1844 1889 genitali
1874 1847 1997 1877 sinistra
2029 1845 2092 1877 ad-

402 1908 581 1942 scendenti.
626 1905 717 1944 Quae
737 1914 819 1935 vena
840 1903 906 1936 hoc
927 1904 1028 1935 modo
1062 1904 1260 1942 constituta,
1284 1909 1459 1945 postquam
1492 1903 1650 1935 sinistram
1683 1909 1808 1946 partem
1835 1904 1917 1934 renis
1945 1902 2093 1943 perfora-

405 1967 450 1998 vit
464 1989 472 2003 ,
495 1965 530 1996 in
549 1963 692 1994 renalem
713 1969 826 1991 venam
849 1959 997 1990 dextram
1016 1964 1148 1997 transn,
1175 1970 1280 2001 neque
1300 1960 1333 1990 in
1351 1959 1453 2001 hepar
1471 1959 1558 1996 abit,
1583 1961 1630 1991 uti
1651 1960 1788 1991 credidit
1808 1958 1912 1990 Kuhl.

448 2022 489 2054 In
509 2020 774 2059 Petromyzonte
791 2014 970 2056 fluviatili
990 2025 1090 2046 venae
1105 2017 1228 2046 renales
1250 2017 1488 2047 constituuntur
1516 2017 1683 2058 permultis
1712 2016 1817 2058 parvis
1841 2015 1981 2052 venulis,
2006 2025 2092 2057 quae

407 2091 447 2111 ex
477 2087 591 2109 renum
615 2073 794 2105 substantia
816 2077 1018 2114 exsurgentes
1046 2083 1164 2114 parvos
1199 2077 1330 2103 truncos
1360 2072 1517 2110 formant,
1553 2072 1610 2114 qui
1638 2072 1826 2113 sanguinem
1852 2082 1943 2103 suum
1974 2082 2042 2103 non
2059 2073 2093 2103 in

408 2144 524 2168 venam
545 2139 661 2163 cavam
689 2129 746 2160 sed
773 2129 806 2160 in
837 2129 940 2161 sinum
970 2140 1122 2162 venosum
1148 2129 1389 2162 abdominalem
1413 2129 1592 2160 effundunt.
1630 2128 1713 2171 (Νο.
1732 2129 1791 2160 23.
1813 2140 1848 2171 p.
1867 2128 1940 2171 70.)
1989 2128 2095 2160 Addit

407 2201 506 2235 porro
528 2189 576 2220 vir
589 2187 674 2219 clar.
696 2184 832 2218 Ralhlce
849 2187 1035 2228 sanguinem
1066 2198 1218 2219 venosum
1244 2197 1262 2217 a
1282 2186 1434 2217 musculis
1462 2186 1605 2222 caudae,
1638 2185 1820 2216 abdominis
1848 2190 1879 2217 et
1908 2196 1926 2216 a
1948 2184 2093 2228 parthus

413 2245 608 2290 genitalibus
631 2243 825 2280 advectum,
850 2244 1022 2276 secretioni
1039 2245 1151 2276 urinae
1173 2245 1207 2275 in
1225 2244 1488 2285 Petromyzonte
1508 2243 1658 2275 inservire
1677 2253 1743 2274 non
1762 2253 1853 2284 posse
1868 2266 1876 2280 ,
1902 2243 1979 2275 licet
2003 2233 2091 2285 ejus-v

414 2304 505 2339 modi
534 2301 696 2345 sanguinis
718 2301 824 2334 venosi
841 2311 934 2333 usum
958 2302 1046 2346 apud
1068 2303 1133 2336 alia
1167 2303 1320 2336 animalia
1341 2312 1460 2345 negare
1486 2311 1555 2334 non
1587 2301 1653 2334 vult
1678 2299 1778 2344 (ibid.
1800 2312 1834 2343 p.
1855 2300 1908 2334 72.
1919 2300 1945 2343 ).
1992 2300 2036 2333 Ex
2056 2301 2095 2331 iis

1635 2357 1643 2368 “
2009 2367 2095 2399 quae
