2278 2880
442 160 731 196 RESPONSIO
765 170 812 193 An
850 160 1217 201 QUAESTIONEM
1251 148 1588 195 zoo'LOGICAM.
1805 164 1857 199 '13

172 255 388 291 vertebrarum
408 259 499 286 suum
522 255 584 286 iter
600 255 775 287 absolvens.
822 253 937 285 Statim
957 257 1030 295 post
1055 252 1140 284 lianc
1170 262 1261 285 suam
1291 251 1518 288 formationem
1548 253 1638 288 aorta
1660 256 1742 288 duos
1759 267 1852 301 mag-

173 323 230 346 nos
252 321 359 343 ramos
380 311 498 341 emittit
518 311 560 342 ad
581 311 743 342 intestina.
788 309 874 341 Alias
894 319 991 350 porro
1009 309 1142 340 arterias
1163 310 1196 340 in
1223 309 1360 340 decursu
1392 321 1450 342 suo
1470 311 1554 343 infra
1575 313 1761 344 columnam
1785 324 1857 345 rer·

172 369 334 401 tebrarum
355 368 493 405 emittit,
518 376 603 409 quae
630 366 793 408 superiora
821 376 927 398 versus
960 366 1049 397 circa
1083 376 1221 407 corpora
1254 366 1474 398 vertebrarum
1500 378 1565 399 sese
1603 368 1769 400 flectentes
1793 372 1856 401 ad-

166 423 328 458 scendunt
348 429 380 456 et
399 424 432 455 in
451 424 609 455 anteriore
632 423 777 464 margine
801 433 1010 464 processuum
1026 423 1226 463 spinosorum
1245 423 1289 455 ad
1310 423 1427 465 pinnas
1449 423 1590 454 dorsales
1615 426 1760 457 tendunt.
1807 426 1851 458 Ex

166 483 215 514 tiis
240 482 335 513 ramis
360 479 632 511 adscendentibus
666 480 782 510 iterum
812 480 893 511 rami
918 479 961 511 ad
989 479 1126 521 parietes
1161 479 1341 512 abdominis
1368 480 1585 511 dimittuntur.
1631 481 1668 512 In
1703 483 1850 515 substan-

167 541 245 572 tiam
265 549 377 570 renum
397 537 500 579 ipsam
530 536 682 567 minimae
707 540 737 567 et
756 546 884 578 paucae
905 537 1040 568 arteriae
1064 536 1204 574 intrant,
1238 537 1426 569 difficillime
1458 541 1583 568 tantum
1600 541 1759 570 mercurio
1791 542 1852 573 ad-

165 596 361 639 implendae.

211 652 250 684 ln
272 651 366 693 Raja
390 647 537 685 Batc'de,
563 649 678 690 inquit
708 647 851 679 Retzms
882 645 965 688 (Νο.
986 646 1040 679 26.
1072 658 1106 689 p.
1127 647 1206 690 21.)
1234 657 1325 679 renes
1356 647 1545 690 sanguinem
1572 658 1609 679 ex
1638 653 1731 691 parte
1761 652 1852 682 acci-

165 710 259 752 piunt
298 719 337 739 ex
368 706 510 743 arteriis,
543 715 628 747 quae
662 715 702 737 ex
746 704 868 736 arteriis
895 704 1181 744 intercostalibus,
1214 714 1289 736 mox
1329 704 1371 736 ab
1404 709 1497 736 aorta
1526 706 1662 743 exortis,
1696 707 1853 749 originem

165 766 307 808 capiunt·

208 821 246 852 In
270 820 534 860 Petromyzonte
545 817 724 860 fluviatili
750 818 836 850 hanc
870 818 1060 850 arteriarum
1097 829 1155 861 per
1182 828 1273 850 renes
1297 818 1554 850 distributionem
1576 819 1711 852 Rallzke
1735 821 1853 853 obser·

164 878 252 911 vavit
273 876 357 919 (No.
378 876 433 907 23.
457 886 489 917 p.
510 874 587 916 68.)
635 876 673 907 In
695 875 778 907 facie
805 875 956 907 inferiore
983 875 1032 907 vel
1057 874 1183 905 interna
1218 875 1384 916 utriusque
1416 876 1516 912 renis,
1538 875 1635 917 juxta
1655 876 1725 918 ejus
1748 878 1855 919 longi-

167 935 312 967 tudinem
335 938 368 965 et
390 933 423 964 in
443 933 551 964 medio
567 944 642 964 rene
663 933 778 964 arteria
804 932 947 964 decurrit
968 933 1044 962 satis
1075 942 1213 973 magna,
1238 942 1324 972 quae
1355 931 1459 973 primo
1482 932 1614 973 quidem
1634 933 1789 974 adspectu
1815 946 1853 967 ex

167 995 258 1023 aorta
283 991 352 1032 ipsa
377 989 547 1032 provenire
570 989 716 1027 videtur,
742 989 798 1021 sed
823 990 1006 1021 accuratius
1027 987 1262 1028 contemplanti
1285 987 1451 1018 manifeste
1479 993 1612 1029 apparet
1636 989 1678 1019 ad
1697 989 1765 1030 ejus
1785 1001 1855 1022 cer·

166 1052 198 1078 te
217 1046 299 1077 fines
322 1049 454 1084 acutos,
479 1045 569 1076 nullo
602 1047 702 1078 modo
734 1057 808 1078 cum
838 1050 931 1078 aorta
962 1043 1153 1086 conjuncta.
1201 1040 1273 1071 Jam
1305 1050 1381 1071 vero
1413 1042 1437 1073 si
1466 1053 1505 1073 ex
1526 1043 1692 1085 diligentia
1714 1047 1747 1078 in
1765 1049 1850 1079 illius

166 1102 303 1134 arteriae
322 1101 478 1141 originem
500 1101 665 1141 inquiras,
690 1102 813 1133 videbis
835 1112 989 1142 magnam
1008 1098 1226 1141 frequentiam
1253 1107 1424 1139 parvarum
1448 1100 1636 1131 arteriarum
1663 1103 1705 1134 ad
1730 1115 1854 1146 aequa-

164 1160 209 1190 les
234 1157 402 1189 distantias
426 1167 465 1188 ex
487 1161 578 1187 aorta
599 1158 657 1188 sub
680 1158 805 1200 angulis
822 1158 917 1188 rectis
949 1161 1111 1194 ortarum,
1137 1164 1222 1196 quae
1241 1153 1345 1184 sinum
1366 1153 1547 1187 abdominis
1568 1168 1721 1191 venosum
1742 1162 1852 1203 pei-1⁶0.

161 1220 268 1246 rantes
289 1217 387 1253 atque
405 1212 438 1241 in
463 1212 544 1241 duos
564 1212 614 1241 vel
635 1215 696 1241 tres
717 1212 857 1242 minores
887 1211 1027 1242 ramulos
1059 1209 1152 1241 fissae
1188 1220 1264 1241 cum
1289 1210 1344 1240 illa
1369 1211 1485 1242 arteria
1510 1212 1543 1243 in
1564 1214 1672 1245 medio
1697 1227 1773 1248 rene
1792 1218 1851 1249 de-

161 1269 303 1302 currenti
324 1278 356 1299 se
383 1266 587 1308 conjungunt
625 1266 779 1309 hancque
804 1268 888 1299 adeo
919 1278 994 1300 cum
1026 1270 1116 1297 aorta
1146 1266 1271 1298 uniunt.
1317 1266 1450 1298 Interim
1483 1268 1538 1299 alii
1568 1280 1701 1312 quoque
1734 1275 1851 1307 ramuli

160 1327 306 1360 oriuntur
331 1324 372 1355 ab
392 1328 532 1364 utroque
559 1324 657 1354 latere
680 1324 763 1355 illius
783 1324 918 1355 arteriae
934 1323 1017 1354 renis
1032 1347 1040 1359 ,
1066 1327 1302 1365 penetrantque
1323 1323 1355 1354 in
1379 1323 1449 1364 ejus
1467 1325 1699 1368 parenchyma.

162 1400 166 1402 -
210 1383 297 1415 Vasa
325 1390 453 1413 venosa
478 1379 615 1421 piscium
640 1385 727 1412 certe
749 1381 773 1412 si
806 1381 847 1412 de
877 1379 1007 1411 renibus
1039 1390 1142 1410 sermo
1171 1385 1236 1416 est,
1273 1380 1376 1411 multo
1409 1380 1541 1423 majoris
1572 1389 1645 1416 sunt
1678 1387 1845 1421 momenti:

163 1439 302 1482 Sanguis
320 1447 452 1469 venosus
471 1446 488 1466 e
508 1435 616 1477 capite
641 1436 776 1467 confluit
796 1437 829 1467 in
852 1436 918 1467 duo
946 1441 994 1467 sat
1027 1446 1145 1478 magna
1170 1445 1245 1466 vasa
1282 1435 1400 1477 (venae
1423 1447 1523 1469 cavae
1544 1440 1739 1482 anteriores)
1763 1455 1850 1486 quae

160 1497 300 1528 eundem
320 1494 419 1524 habet
449 1492 620 1523 decursum
648 1502 687 1522 ac
716 1493 832 1533 capitis
867 1493 1002 1523 arteriae
1031 1497 1063 1523 et
1094 1492 1262 1533 paululum
1292 1502 1378 1533 pone
1409 1503 1467 1524 cor
1500 1505 1532 1525 se
1551 1497 1754 1541 conjungunt
1775 1512 1851 1534 cum

162 1551 290 1584 duobus
321 1550 402 1582 vasis
425 1558 442 1578 e
464 1547 640 1588 posteriore
677 1551 769 1588 parte
798 1547 942 1588 eorporis
971 1547 1114 1577 oriundis
1146 1547 1270 1588 (venae
1301 1559 1400 1580 cavae
1430 1551 1658 1590 posteriores).
1705 1554 1849 1593 Quarum

163 1610 263 1641 altera
289 1611 394 1638 ortum
417 1614 434 1634 e
453 1603 558 1634 cauda
584 1602 705 1634 ducens
730 1604 811 1634 infra
832 1604 1018 1635 columnam
1041 1602 1259 1634 vertebrarum
1279 1603 1423 1635 decurrit
1447 1609 1477 1636 et
1495 1617 1554 1647 per
1571 1607 1720 1641 dextrum
1739 1621 1850 1644 renem

164 1665 208 1696 ad
236 1674 294 1696 cor
314 1663 397 1693 viam
416 1658 622 1702 prosequitur
638 1681 645 1693 .
669 1659 723 1689 ubi
747 1670 780 1690 se
796 1659 965 1702 conjungit
989 1669 1062 1690 cum
1083 1669 1162 1689 vena
1191 1670 1269 1691 cava
1291 1659 1403 1691 dextra
1422 1662 1592 1695 anteriore.

165 1740 167 1742 -
205 1717 314 1747 Altera
336 1725 414 1746 vena
434 1726 514 1747 cava
535 1715 693 1757 posterior
722 1717 913 1757 proveniens
945 1726 983 1747 ex
1006 1715 1132 1745 sinistro
1162 1725 1236 1746 rene
1264 1715 1358 1758 cujus
1387 1719 1574 1759 sanguinem
1603 1720 1738 1762 recipit,
1773 1735 1849 1758 cum

163 1772 286 1804 sinistra
310 1780 389 1802 cava
415 1771 576 1803 anteriore
601 1781 632 1802 se
654 1772 836 1814 conjungit.
881 1772 991 1802 Plures
1019 1771 1136 1802 deinde
1160 1782 1280 1809 venae,
1319 1783 1405 1814 quae
1435 1784 1453 1805 e
1473 1775 1636 1806 minorum
1662 1779 1850 1813 venularum

162 1827 316 1860 confluxu
343 1827 375 1858 in
395 1828 571 1869 parietibus
592 1827 776 1860 abdominis
805 1829 1004 1865 formantur,
1035 1828 1078 1858 ad
1099 1839 1188 1859 renes
1223 1829 1429 1861 adscendunt
1461 1835 1492 1862 et
1520 1831 1553 1862 in
1585 1832 1622 1863 iis
1644 1833 1760 1866 iterum
1784 1846 1850 1868 sese

162 1884 251 1916 vario
272 1882 371 1913 modo
392 1884 423 1914 in
446 1885 585 1915 minores
605 1895 711 1915 ramos
731 1884 890 1916 dividunt.
936 1883 1038 1915 Etiam
1064 1884 1106 1915 ab
1127 1885 1260 1923 orariis,
1287 1897 1305 1917 a
1336 1886 1441 1917 vesica
1464 1886 1630 1925 urinaria,
1656 1895 1688 1921 et
1709 1902 1726 1922 e
1746 1893 1852 1924 cauda

162 1938 286 1981 majora
311 1939 359 1969 vel
381 1941 506 1972 minora
530 1951 604 1971 vasa
629 1951 720 1972 renes
749 1941 869 1972 intrant
895 1941 1019 1972 diversa
1054 1941 1179 1971 ratione
1209 1952 1268 1983 per
1294 1951 1349 1972 eos
1378 1952 1410 1972 se
1436 1942 1670 1977 distribuentia.
1717 1948 1852 1982 Hanece

164 1995 405 2036 dispositionem
429 2007 577 2028 vasorum
609 1997 766 2027 renalium
797 1997 831 2027 in
860 1997 954 2028 variis
974 1997 1142 2039 generibus
1170 1998 1273 2039 reperi
1303 2008 1353 2029 ex.
1388 2007 1435 2039 gr.
1471 1997 1502 2028 in
1535 2002 1703 2040 generibus
1729 2003 1848 2042 Gado,

165 2051 300 2088 Percu,
332 2051 485 2093 Cyprc‘no
513 2051 660 2093 (Tabula
684 2051 722 2081 II.
753 2051 821 2094 Fig.
845 2051 901 2093 3.)
925 2057 956 2084 et
974 2053 1053 2084 aliis.
1098 2053 1191 2084 Doct.
1221 2053 1261 2083 H.
1288 2053 1430 2085 Rallzlze
1453 2054 1586 2088 similem
1616 2067 1763 2090 vasorum
1787 2059 1853 2092 dis-

163 2106 355 2149 positionem
378 2107 529 2138 describit
559 2109 592 2140 in
614 2109 764 2140 Blenm'o
783 2110 950 2151 vz'm'paro.
976 2108 1056 2151 (No.
1075 2108 1131 2140 22.
1155 2108 1244 2140 Tom.
1262 2108 1293 2140 2.
1317 2121 1352 2151 p.
1372 2110 1450 2152 35.)

206 2163 340 2194 Multum
366 2167 472 2193 autem
494 2163 602 2201 abest,
629 2169 664 2195 ut
684 2175 831 2196 vasorum
857 2165 1010 2196 decursus
1043 2164 1132 2205 apud
1165 2175 1275 2195 omnes
1305 2166 1409 2207 pisces
1444 2168 1608 2211 descripta
1636 2170 1759 2203 ratione
1784 2181 1851 2206 sese

146 2219 305 2266 >habeam
331 2219 362 2249 in
388 2217 495 2248 multis
517 2230 591 2251 vasa
617 2220 682 2251 alio
701 2220 800 2252 modo
823 2220 993 2252 distributa
1021 2226 1111 2260 sunt,
1134 2223 1224 2264 quod
1246 2223 1398 2265 equidem
1420 2225 1596 2266 praecipue
1614 2225 1648 2256 in
1675 2226 1792 2269 Trzjgla
1819 2235 1852 2261 et

162 2274 449 2310 Pleuronectc'bus
477 2274 649 2308 observari.
695 2277 735 2310 In
761 2276 810 2309 his
836 2278 922 2310 enim
943 2289 1062 2322 magna
1085 2289 1168 2310 vena
1191 2290 1209 2310 e
1229 2280 1339 2313 cauda
1367 2280 1412 2312 ad
1440 2291 1551 2314 renem
1582 2281 1757 2317 decurrens
1779 2296 1846 2318 non

1117 2335 1143 2367 B
1165 2336 1188 2368 3
1796 2351 1851 2374 ae=
