2278 2880
416 181 439 212 8
840 177 878 208 Α.
913 177 940 209 J.
979 177 1016 208 D.
1053 173 1358 207 STEENSTRA
1395 170 1699 209 TOUSSAINT‚

419 282 494 305 vasa
518 275 549 301 et
572 268 714 301 vesicam
738 267 956 305 cohaereant,
986 268 1019 299 id
1043 273 1152 300 tamen
1174 278 1240 299 non
1263 267 1296 297 in
1319 266 1470 297 omnibus
1491 264 1625 295 caeteris
1647 264 1692 294 ita
1721 267 1786 300 est,
1813 273 1888 293 nam
1912 273 1929 294 e
1953 263 2116 295 contrario

422 327 550 371 plurimi
573 336 663 357 renes
684 326 717 356 in
740 326 916 367 posteriore
942 330 1034 367 parte
1058 326 1103 356 ita
1125 326 1159 356 in
1181 335 1280 355 unam
1300 334 1438 355 massam
1462 323 1683 354 coalescentes
1706 320 1827 351 habent
1842 345 1850 358 ‚
1876 325 1910 350 nt
1931 321 1995 352 sere
2015 332 2116 352 unum

422 395 479 417 ren
504 385 613 415 adesse
637 383 841 415 crederemus
863 383 990 415 duobus
1013 384 1095 414 iobis
1118 384 1330 419 instructum3
1355 382 1398 411 ita
1423 392 1451 411 v.
1477 390 1506 411 c.
1530 389 1621 410 renes
1643 382 1818 409 cernuntur
1839 378 1872 407 in
1894 388 2009 419 genere
2029 378 2117 408 Per-

423 455 481 479 ea,
511 441 645 482 ΤνιῃΙα,
671 441 960 480 Pleuroneclc'de,
990 440 1108 477 Collo,
1142 445 1172 471 et
1203 450 1241 470 ex
1272 448 1388 480 genere
1417 437 1512 478 Raja
1547 437 1578 467 in
1608 434 1703 477 Iz'aja
1729 433 1888 466 clavata.
1920 434 2038 475 (Num.
2059 434 2114 466 21.

422 511 498 543 pag·
521 499 621 540 652.)

467 556 554 588 Situs
574 566 688 586 renum
712 559 747 586 ut
764 555 836 597 jam
858 556 1034 587 memoravi
1053 554 1096 585 ad
1120 555 1307 586 columnam
1328 551 1549 582 vertebrarum
1571 554 1628 580 est.
1675 549 1710 579 In
1734 548 1804 579 aliis
1827 558 1930 589 usque
1955 549 1997 578 ad
2017 553 2115 590 caput

423 612 643 649 adscendunt,
671 617 774 642 totum
796 622 913 642 cavum
936 611 1143 642 abdominale
1165 613 1388 651 percurrentes
1424 607 1569 648 (Cultus
1589 607 1750 647 Scorpio,
1778 605 2032 646 Symbranclzus
2054 608 2117 636 z'm-

422 670 634 707 maculalch‚
670 668 910 700 Anarrlzz’elzas
946 669 1065 710 Lupus
1101 668 1215 710 (Num.
1235 668 1267 698 2.
1302 677 1379 709 pag.
1408 664 1501 706 171.)
1541 663 1660 694 Colias
1698 663 1973 704 CaMplercchc-s,
2010 662 2115 703 (ibid.

423 738 499 768 pag.
528 725 587 757 179
609 725 620 766 )
2009 756 2013 759 ι

462 783 501 813 In
522 782 591 813 aliis
613 781 743 812 demum
764 781 905 823 piscibus
930 793 989 823 pro
1015 784 1103 814 varia
1125 794 1237 815 eorum
1261 780 1486 824 magnitirline
1511 785 1541 811 et
1563 780 1708 822 inprimis
1730 779 1936 821 longitudine
1959 778 2118 819 majorem

420 841 615 871 minoremve
646 844 772 881 partem
805 839 978 870 columnae
1009 840 1140 881 spinalis
1176 845 1342 882 occupant
1376 839 1703 881 (I’etronzyz-onles,
1739 836 1895 877 qucalus
1927 834 2117 865 Acanthius

423 898 525 937 (ibid.
550 907 626 939 pag.
652 894 747 937 131.)
785 896 974 927 Traclzc'nzcs
1008 897 1126 927 Draco
1163 896 1266 938 (ibid.
1307 907 1383 939 pag.
1406 895 1505 936 175.)
1541 894 1670 925 Salmo.
1709 892 1827 933 (Num.
1850 891 1904 921 21.
1943 901 2018 932 pag.
2041 890 2117 922 651.

422 957 450 998 §-
476 955 576 995 726.)

462 1012 569 1043 Renes
603 1021 679 1053 ergo
711 1010 835 1042 diversa
869 1011 996 1041 ratione
1029 1016 1100 1041 sunt
1127 1011 1247 1048 locati,
1282 1011 1348 1042 imo
1377 1011 1410 1041 in
1441 1019 1508 1040 uno
1537 1008 1720 1048 eodemque
1752 1016 1868 1049 genere
1900 1017 1966 1037 non
1997 1015 2122 1046 semper

423 1070 554 1111 aequali
574 1069 693 1105 modo,
720 1067 814 1109 cujus
837 1068 882 1099 rei
904 1068 1155 1100 Pleuronia-vtes
1179 1069 1282 1100 Solea
1303 1069 1341 1098 sit
1364 1068 1524 1108 exemplo.
1570 1066 1608 1096 In
1632 1064 1697 1096 hoc
1720 1064 1805 1095 enim
1827 1064 1919 1105 pisce
1944 1072 2019 1104 pars
2037 1061 2121 1092 inse-

422 1128 487 1158 rior
510 1136 594 1167 quae
616 1126 708 1155 simul
733 1126 892 1166 posterior
913 1130 958 1155 est
979 1125 1012 1156 in
1042 1126 1180 1157 cavitate
1201 1125 1346 1167 quadam
1384 1129 1472 1154 extra
1507 1123 1697 1159 abdomen,
1730 1134 1796 1163 qua
1824 1123 1856 1153 in
1886 1123 1999 1153 ceteris
2024 1121 2120 1162 hujus

422 1184 546 1226 generis
568 1181 713 1213 marium
743 1180 903 1210 sinistrum
934 1180 1137 1217 continetur,
1164 1187 1209 1211 est
1233 1182 1434 1221 dispositum.
1480 1180 1600 1210 Positio
1624 1190 1736 1210 renum
1765 1179 1899 1210 relativa
1932 1189 1968 1209 ea
1998 1182 2061 1216 est,
2084 1182 2121 1208 ut

426 1243 458 1272 in
481 1239 622 1282 piscibus
646 1237 763 1278 quibus
783 1237 887 1268 vesica
910 1236 1074 1266 natatoria
1095 1237 1152 1271 sit,
1168 1246 1262 1277 supra
1284 1248 1356 1267 eam
1370 1238 1431 1266 sint
1448 1237 1622 1271 collocuti,
1644 1240 1675 1264 et
1697 1235 1778 1265 haec
1792 1237 1890 1276 igitur
1913 1236 2017 1267 vesica
2036 1236 2122 1266 mul-

425 1302 492 1329 tum
517 1295 665 1327 conserat
688 1293 729 1323 ad
753 1303 844 1324 renes
865 1292 898 1323 in
921 1293 996 1324 loco
1018 1302 1117 1333 quem
1136 1298 1302 1334 occupant
1322 1292 1519 1323 retinendos.
1548 1290 1710 1332 (Gallus,
1742 1291 1882 1333 Trlgla,
1914 1290 2120 1333 Cyprinus.)

422 1354 462 1385 In
482 1353 664 1387 universnm
684 1360 780 1392 supra
803 1349 911 1380 omnia
933 1350 1083 1380 intestina
1107 1359 1197 1379 suam
1220 1349 1329 1379 sedem
1354 1348 1476 1379 liabent
1498 1352 1529 1379 et
1555 1353 1694 1380 ureteres
1716 1348 1946 1379 descendendo
1970 1348 2013 1378 ad
2035 1348 2120 1379 vesi-

425 1422 501 1443 cam
520 1409 732 1452 perveniunt,
757 1412 792 1438 ut
815 1407 913 1438 etiam
938 1406 1069 1438 urethra
1094 1417 1179 1448 pone
1208 1416 1315 1437 anum.
1359 1405 1476 1437 Ovaria
1498 1405 1531 1436 in
1553 1410 1695 1447 utroque
1716 1406 1816 1436 latere
1844 1405 1927 1436 infra
1950 1405 1999 1436 vel
2025 1403 2123 1446 juxta

425 1478 517 1499 renes
540 1467 702 1498 collocata
725 1464 980 1506 conspiciuntur.
1026 1463 1133 1495 Renes
1154 1463 1187 1493 in
1210 1463 1285 1494 loco
1305 1473 1402 1504 quem
1426 1468 1592 1504 occupant
1618 1463 1794 1494 retinentur
1815 1462 2002 1504 peritoneo,
2027 1460 2120 1502 quod

426 1531 530 1556 totum
559 1534 675 1555 cavum
708 1522 918 1553 abdominale
955 1526 1065 1562 tegens
1097 1520 1195 1550 etiam
1216 1529 1329 1550 renum
1350 1519 1466 1550 faciem
1489 1519 1673 1550 inferiorem
1698 1519 1788 1560 tegit.
1834 1519 1873 1549 In
1897 1519 1933 1547 iis
1957 1517 2119 1559 piscibus,

425 1583 482 1622 qui
502 1581 608 1612 vesica
633 1579 798 1610 natatoria
821 1583 893 1608 sunt
918 1578 1066 1607 instructi
1090 1577 1171 1606 haec
1201 1585 1291 1605 renes
1323 1576 1420 1616 tegit,
1453 1581 1483 1606 et
1508 1576 1542 1606 in
1565 1580 1704 1615 utroque
1729 1576 1830 1605 latere
1861 1574 1957 1605 costis
1985 1573 2121 1605 fortibus

424 1637 607 1680 ligamentis
626 1634 808 1666 adhaerens
832 1633 989 1674 impedit,
1015 1632 1188 1673 quominus
1209 1641 1247 1661 ex
1270 1631 1345 1661 loco
1368 1632 1489 1663 moveri
1510 1631 1642 1673 possint.
1666 1647 1709 1656 --
1734 1630 1765 1660 Si
1788 1630 1870 1660 haec
1893 1631 1998 1661 vesica
2022 1635 2120 1661 nata-

427 1696 510 1727 toria
545 1693 653 1729 deest,
692 1701 782 1723 renes
812 1690 1021 1721 obducuntur
1046 1688 1235 1719 membrana
1259 1687 1404 1729 quadam
1434 1689 1585 1730 propria,
1623 1687 1769 1724 fortiori,
1803 1697 1888 1728 quae
1918 1688 2015 1718 unice
2043 1686 2120 1719 huic

425 1762 525 1793 scopo
545 1749 693 1781 inservire
715 1748 854 1779 videtur.
902 1746 1043 1776 Naturae
1063 1751 1108 1776 est
1129 1745 1267 1776 fibrosae
1289 1745 1379 1775 sortis
1399 1750 1429 1776 et
1457 1746 1490 1776 in
1518 1750 1658 1786 utroque
1679 1746 1779 1775 latere
1805 1743 1941 1774 fortibus
1963 1744 2120 1784 ligamen-

427 1810 466 1841 tis
496 1806 672 1839 tendinosis
706 1806 801 1837 costis
832 1803 953 1834 adfixa.
1010 1802 1181 1845 Perspicue
1216 1801 1359 1833 cernitur
1394 1801 1476 1833 haec
1507 1801 1697 1832 membrana
1730 1801 1763 1832 in
1793 1799 2056 1843 Pleurojzeetz'de
2089 1804 2121 1830 et

428 1867 552 1897 Perea.
610 1864 696 1897 Vasa
719 1863 860 1903 denique
886 1862 1002 1898 etiam,
1035 1871 1120 1902 quae
1148 1869 1239 1891 renes
1270 1861 1391 1891 intrant
1415 1860 1552 1890 multum
1575 1859 1765 1895 conferunt,
1791 1863 1826 1888 ut
1850 1858 1884 1889 in
1906 1857 1981 1888 loco
2013 1866 2119 1887 rema-

428 1927 539 1955 neant-

471 1980 511 2010 In
533 1978 797 2018 Pelromyzonte
807 1974 985 2016 flumalz'lt'
1006 1984 1095 2004 renes
1119 1984 1136 2003 a
1157 1974 1335 2015 posteriore
1358 1973 1452 2004 tertia
1474 1977 1567 2014 parte
1587 1972 1770 2004 abdominis
1791 1971 1833 2002 ad
1854 1969 1949 2011 hujus
1970 1969 2119 2000 cavitatis

426 2037 526 2068 finem
551 2036 616 2066 fere
649 2035 846 2070 decurrunt,
882 2037 914 2063 et
940 2031 1072 2073 quidem
1094 2031 1227 2071 oblique
1252 2041 1270 2061 a
1295 2031 1393 2061 latere
1414 2030 1541 2060 interno
1565 2034 1596 2061 et
1618 2029 1802 2071 superiore,
1828 2037 1933 2058 versus
1961 2026 2119 2056 exteriora

427 2099 458 2125 et
480 2092 642 2124 inferiora.
690 2090 786 2120 Latus
810 2090 948 2120 exterius
971 2088 1132 2119 musculos
1156 2087 1378 2118 abdominales
1403 2087 1549 2128 attingit,
1574 2096 1687 2127 margo
1712 2090 1819 2115 autem
1841 2083 1985 2124 superior
2006 2081 2118 2112 subro—

429 2150 549 2182 tundus
578 2148 660 2179 sinui
692 2147 849 2178 adhaeret
881 2156 920 2176 eo
955 2144 1019 2175 fere
1049 2143 1143 2180 loeo,
1176 2154 1243 2185 quo
1267 2143 1324 2175 iste
1346 2143 1432 2174 sinus
1454 2144 1619 2185 utriusque
1643 2142 1751 2173 lateris
1777 2140 1986 2183 posteriorem
2007 2148 2122 2170 cavam

429 2218 546 2240 venam
571 2204 650 2247 tegit
676 2203 761 2246 (No.
781 2203 838 2234 23.
862 2213 940 2245 pag.
961 2200 1039 2242 51.)

473 2263 587 2294 forma
611 2271 723 2292 renum
745 2261 839 2292 valde
871 2260 996 2295 differt,
1022 2258 1097 2289 lieet
1121 2257 1218 2298 vulgo
1239 2257 1440 2299 reperiantur
1460 2257 1547 2299 longi
1575 2256 1779 2298 angustique.
1824 2254 1862 2286 In
1887 2252 2017 2295 Lophz‘o
2038 2251 2120 2283 Pz's-

431 2321 561 2352 catorio
589 2318 765 2350 brevissimi
782 2321 875 2354 sunt,
904 2316 1029 2352 uvales,
1058 2314 1280 2355 magnitudine
1306 2325 1368 2345 ovo
1392 2313 1575 2355 gallinaceo
1595 2313 1758 2353 aequales.
1786 2311 1905 2353 (N042.
1930 2321 2005 2352 pag.
2024 2308 2117 2350 180.)

433 2375 441 2378 ,Α
2082 2364 2123 2399 In
